@Manual{R-FSA,
  title = {FSA: Simple Fisheries Stock Assessment Methods},
  author = {Derek Ogle and Powell Wheeler and Alexis Dinno},
  year = {2020},
  note = {R package version 0.8.30},
  url = {https://CRAN.R-project.org/package=FSA},
}

@Manual{R-knitr,
  title = {knitr: A General-Purpose Package for Dynamic Report Generation in R},
  author = {Yihui Xie},
  year = {2020},
  note = {R package version 1.29},
  url = {https://CRAN.R-project.org/package=knitr},
}

@Manual{R-minerva,
  title = {minerva: Maximal Information-Based Nonparametric Exploration for Variable
Analysis},
  author = {Michele Filosi and Roberto Visintainer and Davide Albanese},
  year = {2019},
  note = {R package version 1.5.8},
  url = {https://CRAN.R-project.org/package=minerva},
}

@Manual{R-missForest,
  title = {missForest: Nonparametric Missing Value Imputation using Random Forest},
  author = {Daniel J. Stekhoven},
  year = {2013},
  note = {R package version 1.4},
  url = {https://CRAN.R-project.org/package=missForest},
}

@Manual{R-quantregForest,
  title = {quantregForest: Quantile Regression Forests},
  author = {Nicolai Meinshausen},
  year = {2017},
  note = {R package version 1.3-7},
  url = {https://CRAN.R-project.org/package=quantregForest},
}

@Manual{R-randomForest,
  title = {randomForest: Breiman and Cutler's Random Forests for Classification and
Regression},
  author = {Leo Breiman and Adele Cutler and Andy Liaw and Matthew Wiener},
  year = {2018},
  note = {R package version 4.6-14},
  url = {https://CRAN.R-project.org/package=randomForest},
}

@Manual{R-Rcapture,
  title = {Rcapture: Loglinear Models for Capture-Recapture Experiments},
  author = {Louis-Paul Rivest and Sophie Baillargeon},
  year = {2019},
  note = {R package version 1.4-3},
  url = {https://CRAN.R-project.org/package=Rcapture},
}

@Manual{R-rmarkdown,
  title = {rmarkdown: Dynamic Documents for R},
  author = {JJ Allaire and Yihui Xie and Jonathan McPherson and Javier Luraschi and Kevin Ushey and Aron Atkins and Hadley Wickham and Joe Cheng and Winston Chang and Richard Iannone},
  year = {2020},
  note = {R package version 2.3},
  url = {https://CRAN.R-project.org/package=rmarkdown},
}

@Manual{R-sf,
  title = {sf: Simple Features for R},
  author = {Edzer Pebesma},
  year = {2020},
  note = {R package version 0.9-5},
  url = {https://CRAN.R-project.org/package=sf},
}

@Manual{R-survey,
  title = {survey: Analysis of Complex Survey Samples},
  author = {Thomas Lumley},
  year = {2020},
  note = {R package version 4.0},
  url = {https://CRAN.R-project.org/package=survey},
}

@Book{knitr2015,
  title = {Dynamic Documents with {R} and knitr},
  author = {Yihui Xie},
  publisher = {Chapman and Hall/CRC},
  address = {Boca Raton, Florida},
  year = {2015},
  edition = {2nd},
  note = {ISBN 978-1498716963},
  url = {https://yihui.org/knitr/},
}

@InCollection{knitr2014,
  booktitle = {Implementing Reproducible Computational Research},
  editor = {Victoria Stodden and Friedrich Leisch and Roger D. Peng},
  title = {knitr: A Comprehensive Tool for Reproducible Research in {R}},
  author = {Yihui Xie},
  publisher = {Chapman and Hall/CRC},
  year = {2014},
  note = {ISBN 978-1466561595},
  url = {http://www.crcpress.com/product/isbn/9781466561595},
}

@Article{minerva2012,
  title = {Minerva and minepy: a C engine for the MINE suite and its R, Python and MATLAB wrappers},
  author = {Davide Albanese and Michele Filosi and Roberto Visintainer and Samantha Riccadonna and Giuseppe Jurman and Cesare Furlanello},
  journal = {Bioinformatics},
  pages = {bts707},
  year = {2012},
  publisher = {Oxford Univ Press},
}

@Article{missForest2012,
  title = {MissForest - non-parametric missing value imputation for mixed-type data},
  author = {Daniel J. Stekhoven and Peter Buehlmann},
  journal = {Bioinformatics},
  volume = {28},
  number = {1},
  pages = {112--118},
  year = {2012},
  publisher = {Oxford Univ Press},
}

@Article{randomForest2002,
  title = {Classification and Regression by randomForest},
  author = {Andy Liaw and Matthew Wiener},
  journal = {R News},
  year = {2002},
  volume = {2},
  number = {3},
  pages = {18-22},
  url = {https://CRAN.R-project.org/doc/Rnews/},
}

@Book{rmarkdown2018,
  title = {R Markdown: The Definitive Guide},
  author = {Yihui Xie and J.J. Allaire and Garrett Grolemund},
  publisher = {Chapman and Hall/CRC},
  address = {Boca Raton, Florida},
  year = {2018},
  note = {ISBN 9781138359338},
  url = {https://bookdown.org/yihui/rmarkdown},
}

@Article{sf2018,
  author = {Edzer Pebesma},
  title = {{Simple Features for R: Standardized Support for Spatial Vector Data}},
  year = {2018},
  journal = {{The R Journal}},
  doi = {10.32614/RJ-2018-009},
  url = {https://doi.org/10.32614/RJ-2018-009},
  pages = {439--446},
  volume = {10},
  number = {1},
}

@Article{survey2004,
  year = {2004},
  author = {Thomas Lumley},
  title = {Analysis of Complex Survey Samples},
  journal = {Journal of Statistical Software},
  volume = {9},
  number = {1},
  pages = {1-19},
  note = {R package verson 2.2},
}

@Book{survey2010,
  year = {2010},
  author = {Thomas Lumley},
  title = {Complex Surveys: A Guide to Analysis Using R: A Guide to Analysis Using R},
  publisher = {John Wiley and Sons},
}

