%% This BibTeX bibliography file was created using BibDesk.
%% https://bibdesk.sourceforge.io/

%% Created for See, Kevin at 2021-01-28 10:10:21 -0800 


%% Saved with string encoding Unicode (UTF-8) 



@techreport{Rosgen2018,
	author = {Dave Rosgen and Brandon Rosgen and Darcie Geenen and Ron Pierce and Jim Nankervis and Ryan Kovach and Michael Geenen and Andrea Taillicq},
	date-added = {2020-12-04 09:41:34 -0800},
	date-modified = {2020-12-04 09:41:34 -0800},
	institution = {Bonneville Power Administration},
	month = {March},
	title = {A Technical Review of the {C}olumbia {H}abitat {M}onitoring {P}rogram's Protocol, Data Quality and Implementation},
	type = {Technical Review},
	url = {https://www.cbfish.org/Document.mvc/Viewer/P159913},
	year = {2018},
	Bdsk-File-1 = {YnBsaXN0MDDSAQIDBFxyZWxhdGl2ZVBhdGhZYWxpYXNEYXRhXxBZLi4vLi4vLi4vLi4vLi4vLi4vT25lRHJpdmUgLSBNZXJjayBTaGFycCAmIERvaG1lLCBDb3JwL0JpYmxpb2dyYXBoeS9QYXBlcnMvUm9zZ2VuMjAxOC5wZGZPEQGeAAAAAAGeAAIAAAxNYWNpbnRvc2ggSEQAAAAAAAAAAAAAAAAAAAAAAAAAQkQAAf////8OUm9zZ2VuMjAxOC5wZGYAAAAAAAAAAAAAAAAAAAAAAAAAAAAAAAAAAAAAAAAAAAAAAAAAAAAAAAAAAAAAAAAA/////wAAAAAAAAAAAAAAAAAGAAQAAAogY3UAAAAAAAAAAAAAAAAABlBhcGVycwACAFQvOlVzZXJzOnNlZWs6T25lRHJpdmUgLSBNZXJjayBTaGFycCAmIERvaG1lLCBDb3JwOkJpYmxpb2dyYXBoeTpQYXBlcnM6Um9zZ2VuMjAxOC5wZGYADgAeAA4AUgBvAHMAZwBlAG4AMgAwADEAOAAuAHAAZABmAA8AGgAMAE0AYQBjAGkAbgB0AG8AcwBoACAASABEABIAUlVzZXJzL3NlZWsvT25lRHJpdmUgLSBNZXJjayBTaGFycCAmIERvaG1lLCBDb3JwL0JpYmxpb2dyYXBoeS9QYXBlcnMvUm9zZ2VuMjAxOC5wZGYAEwABLwAAFQACAAv//wAAAAgADQAaACQAgAAAAAAAAAIBAAAAAAAAAAUAAAAAAAAAAAAAAAAAAAIi},
	Bdsk-File-2 = {YnBsaXN0MDDSAQIDBFxyZWxhdGl2ZVBhdGhZYWxpYXNEYXRhXxBaLi4vLi4vLi4vLi4vLi4vLi4vT25lRHJpdmUgLSBNZXJjayBTaGFycCAmIERvaG1lLCBDb3JwL0JpYmxpb2dyYXBoeS9QYXBlcnMvUm9zZ2VuMjAxODAucGRmTxEBpAAAAAABpAACAAAMTWFjaW50b3NoIEhEAAAAAAAAAAAAAAAAAAAAAAAAAEJEAAH/////D1Jvc2dlbjIwMTgwLnBkZgAAAAAAAAAAAAAAAAAAAAAAAAAAAAAAAAAAAAAAAAAAAAAAAAAAAAAAAAAAAAAAAP////8AAAAAAAAAAAAAAAAABgAEAAAKIGN1AAAAAAAAAAAAAAAAAAZQYXBlcnMAAgBVLzpVc2VyczpzZWVrOk9uZURyaXZlIC0gTWVyY2sgU2hhcnAgJiBEb2htZSwgQ29ycDpCaWJsaW9ncmFwaHk6UGFwZXJzOlJvc2dlbjIwMTgwLnBkZgAADgAgAA8AUgBvAHMAZwBlAG4AMgAwADEAOAAwAC4AcABkAGYADwAaAAwATQBhAGMAaQBuAHQAbwBzAGgAIABIAEQAEgBTVXNlcnMvc2Vlay9PbmVEcml2ZSAtIE1lcmNrIFNoYXJwICYgRG9obWUsIENvcnAvQmlibGlvZ3JhcGh5L1BhcGVycy9Sb3NnZW4yMDE4MC5wZGYAABMAAS8AABUAAgAL//8AAAAIAA0AGgAkAIEAAAAAAAACAQAAAAAAAAAFAAAAAAAAAAAAAAAAAAACKQ==}}

@article{Bond2019,
	author = {Bond, Morgan H and Nodine, Tyler G and Beechie, Tim J and Zabel, Richard W},
	date-added = {2020-12-03 10:01:04 -0800},
	date-modified = {2020-12-03 10:01:04 -0800},
	journal = {Canadian Journal of Fisheries and Aquatic Sciences},
	number = {7},
	pages = {1212--1226},
	publisher = {NRC Research Press},
	title = {Estimating the benefits of widespread floodplain reconnection for {C}olumbia {R}iver {C}hinook salmon},
	volume = {76},
	year = {2019},
	Bdsk-File-1 = {YnBsaXN0MDDSAQIDBFxyZWxhdGl2ZVBhdGhZYWxpYXNEYXRhXxBXLi4vLi4vLi4vLi4vLi4vLi4vT25lRHJpdmUgLSBNZXJjayBTaGFycCAmIERvaG1lLCBDb3JwL0JpYmxpb2dyYXBoeS9QYXBlcnMvQm9uZDIwMTkucGRmTxEBlgAAAAABlgACAAAMTWFjaW50b3NoIEhEAAAAAAAAAAAAAAAAAAAAAAAAAEJEAAH/////DEJvbmQyMDE5LnBkZgAAAAAAAAAAAAAAAAAAAAAAAAAAAAAAAAAAAAAAAAAAAAAAAAAAAAAAAAAAAAAAAAAAAP////8AAAAAAAAAAAAAAAAABgAEAAAKIGN1AAAAAAAAAAAAAAAAAAZQYXBlcnMAAgBSLzpVc2VyczpzZWVrOk9uZURyaXZlIC0gTWVyY2sgU2hhcnAgJiBEb2htZSwgQ29ycDpCaWJsaW9ncmFwaHk6UGFwZXJzOkJvbmQyMDE5LnBkZgAOABoADABCAG8AbgBkADIAMAAxADkALgBwAGQAZgAPABoADABNAGEAYwBpAG4AdABvAHMAaAAgAEgARAASAFBVc2Vycy9zZWVrL09uZURyaXZlIC0gTWVyY2sgU2hhcnAgJiBEb2htZSwgQ29ycC9CaWJsaW9ncmFwaHkvUGFwZXJzL0JvbmQyMDE5LnBkZgATAAEvAAAVAAIAC///AAAACAANABoAJAB+AAAAAAAAAgEAAAAAAAAABQAAAAAAAAAAAAAAAAAAAhg=}}

@techreport{NOAA2020,
	address = {Portland, Oregon, USA},
	author = {{NOAA Fisheries}},
	date-added = {2020-09-18 10:17:59 -0700},
	date-modified = {2020-12-03 11:27:03 -0800},
	institution = {U.S. Department of Commerce, National Oceanic and Atmospheric Administration, National Marine Fisheries Service, West Coast Region},
	number = {WCRO 2020-00113},
	title = {{Endangered Species Act} {Section} 7(a)(2) {B}iological Opinion and {M}agnuson-{S}tevens Fishery Conservation and Management Act Essential Fish Habitat Response for the Continued Operation and Maintenance of the {Columbia River} System},
	type = {NMFS Consultation},
	url = {https://www.fisheries.noaa.gov/resource/document/biological-opinion-operation-and-maintenance-fourteen-multiple-use-dam-and},
	year = {2020},
	Bdsk-File-1 = {YnBsaXN0MDDSAQIDBFxyZWxhdGl2ZVBhdGhZYWxpYXNEYXRhXxBhLi4vLi4vLi4vLi4vLi4vLi4vT25lRHJpdmUgLSBNZXJjayBTaGFycCAmIERvaG1lLCBDb3JwL0JpYmxpb2dyYXBoeS9QYXBlcnMvTk9BQS1GaXNoZXJpZXMyMDIwLnBkZk8RAb4AAAAAAb4AAgAADE1hY2ludG9zaCBIRAAAAAAAAAAAAAAAAAAAAAAAAABCRAAB/////xZOT0FBLUZpc2hlcmllczIwMjAucGRmAAAAAAAAAAAAAAAAAAAAAAAAAAAAAAAAAAAAAAAAAAAAAAAAAAAAAAD/////AAAAAAAAAAAAAAAAAAYABAAACiBjdQAAAAAAAAAAAAAAAAAGUGFwZXJzAAIAXC86VXNlcnM6c2VlazpPbmVEcml2ZSAtIE1lcmNrIFNoYXJwICYgRG9obWUsIENvcnA6QmlibGlvZ3JhcGh5OlBhcGVyczpOT0FBLUZpc2hlcmllczIwMjAucGRmAA4ALgAWAE4ATwBBAEEALQBGAGkAcwBoAGUAcgBpAGUAcwAyADAAMgAwAC4AcABkAGYADwAaAAwATQBhAGMAaQBuAHQAbwBzAGgAIABIAEQAEgBaVXNlcnMvc2Vlay9PbmVEcml2ZSAtIE1lcmNrIFNoYXJwICYgRG9obWUsIENvcnAvQmlibGlvZ3JhcGh5L1BhcGVycy9OT0FBLUZpc2hlcmllczIwMjAucGRmABMAAS8AABUAAgAL//8AAAAIAA0AGgAkAIgAAAAAAAACAQAAAAAAAAAFAAAAAAAAAAAAAAAAAAACSg==}}

@article{Hinrichsen2020,
	author = {Hinrichsen, Richard A and Paulsen, Charles M},
	date-added = {2020-09-18 10:07:34 -0700},
	date-modified = {2020-09-18 10:07:41 -0700},
	journal = {Ecological Modelling},
	pages = {109223},
	title = {Low carrying capacity a risk for threatened {C}hinook Salmon},
	volume = {432},
	year = {2020},
	Bdsk-File-1 = {YnBsaXN0MDDSAQIDBFxyZWxhdGl2ZVBhdGhZYWxpYXNEYXRhXxBdLi4vLi4vLi4vLi4vLi4vLi4vT25lRHJpdmUgLSBNZXJjayBTaGFycCAmIERvaG1lLCBDb3JwL0JpYmxpb2dyYXBoeS9QYXBlcnMvSGlucmljaHNlbjIwMjAucGRmTxEBrgAAAAABrgACAAAMTWFjaW50b3NoIEhEAAAAAAAAAAAAAAAAAAAAAAAAAEJEAAH/////EkhpbnJpY2hzZW4yMDIwLnBkZgAAAAAAAAAAAAAAAAAAAAAAAAAAAAAAAAAAAAAAAAAAAAAAAAAAAAAAAAAAAP////8AAAAAAAAAAAAAAAAABgAEAAAKIGN1AAAAAAAAAAAAAAAAAAZQYXBlcnMAAgBYLzpVc2VyczpzZWVrOk9uZURyaXZlIC0gTWVyY2sgU2hhcnAgJiBEb2htZSwgQ29ycDpCaWJsaW9ncmFwaHk6UGFwZXJzOkhpbnJpY2hzZW4yMDIwLnBkZgAOACYAEgBIAGkAbgByAGkAYwBoAHMAZQBuADIAMAAyADAALgBwAGQAZgAPABoADABNAGEAYwBpAG4AdABvAHMAaAAgAEgARAASAFZVc2Vycy9zZWVrL09uZURyaXZlIC0gTWVyY2sgU2hhcnAgJiBEb2htZSwgQ29ycC9CaWJsaW9ncmFwaHkvUGFwZXJzL0hpbnJpY2hzZW4yMDIwLnBkZgATAAEvAAAVAAIAC///AAAACAANABoAJACEAAAAAAAAAgEAAAAAAAAABQAAAAAAAAAAAAAAAAAAAjY=}}

@article{Nahorniak2015,
	author = {Nahorniak, Matthew and Larsen, David P and Volk, Carol and Jordan, Chris E},
	date-added = {2020-09-14 10:07:35 -0700},
	date-modified = {2020-12-03 10:32:09 -0800},
	journal = {PLoS ONE},
	number = {6},
	pages = {e0131765},
	publisher = {Public Library of Science San Francisco, CA USA},
	title = {Using inverse probability bootstrap sampling to eliminate sample induced bias in model based analysis of unequal probability samples},
	volume = {10},
	year = {2015},
	Bdsk-File-1 = {YnBsaXN0MDDSAQIDBFxyZWxhdGl2ZVBhdGhZYWxpYXNEYXRhXxBcLi4vLi4vLi4vLi4vLi4vLi4vT25lRHJpdmUgLSBNZXJjayBTaGFycCAmIERvaG1lLCBDb3JwL0JpYmxpb2dyYXBoeS9QYXBlcnMvTmFob3JuaWFrMjAxNS5QREZPEQGsAAAAAAGsAAIAAAxNYWNpbnRvc2ggSEQAAAAAAAAAAAAAAAAAAAAAAAAAQkQAAf////8RTmFob3JuaWFrMjAxNS5QREYAAAAAAAAAAAAAAAAAAAAAAAAAAAAAAAAAAAAAAAAAAAAAAAAAAAAAAAAAAAAA/////wAAAAAAAAAAAAAAAAAGAAQAAAogY3UAAAAAAAAAAAAAAAAABlBhcGVycwACAFcvOlVzZXJzOnNlZWs6T25lRHJpdmUgLSBNZXJjayBTaGFycCAmIERvaG1lLCBDb3JwOkJpYmxpb2dyYXBoeTpQYXBlcnM6TmFob3JuaWFrMjAxNS5QREYAAA4AJAARAE4AYQBoAG8AcgBuAGkAYQBrADIAMAAxADUALgBQAEQARgAPABoADABNAGEAYwBpAG4AdABvAHMAaAAgAEgARAASAFVVc2Vycy9zZWVrL09uZURyaXZlIC0gTWVyY2sgU2hhcnAgJiBEb2htZSwgQ29ycC9CaWJsaW9ncmFwaHkvUGFwZXJzL05haG9ybmlhazIwMTUuUERGAAATAAEvAAAVAAIAC///AAAACAANABoAJACDAAAAAAAAAgEAAAAAAAAABQAAAAAAAAAAAAAAAAAAAjM=}}

@article{Froese2008,
	author = {Froese, R.},
	date-added = {2020-06-16 11:49:39 -0700},
	date-modified = {2020-06-16 11:49:56 -0700},
	doi = {10.1111/j.1439-0426.2008.01187.x},
	issn = {0175-8659},
	journal = {Journal of Applied Ichthyology},
	month = {Oct},
	number = {6},
	pages = {703--704},
	publisher = {Wiley},
	title = {The continuous smooth hockey stick: a newly proposed spawner-recruitment model},
	url = {http://dx.doi.org/10.1111/j.1439-0426.2008.01187.x},
	volume = {24},
	year = {2008},
	Bdsk-File-1 = {YnBsaXN0MDDSAQIDBFxyZWxhdGl2ZVBhdGhZYWxpYXNEYXRhXxBaLi4vLi4vLi4vLi4vLi4vLi4vT25lRHJpdmUgLSBNZXJjayBTaGFycCAmIERvaG1lLCBDb3JwL0JpYmxpb2dyYXBoeS9QYXBlcnMvRnJvZXNlXzIwMDgucGRmTxEBpAAAAAABpAACAAAMTWFjaW50b3NoIEhEAAAAAAAAAAAAAAAAAAAAAAAAAEJEAAH/////D0Zyb2VzZV8yMDA4LnBkZgAAAAAAAAAAAAAAAAAAAAAAAAAAAAAAAAAAAAAAAAAAAAAAAAAAAAAAAAAAAAAAAP////8AAAAAAAAAAAAAAAAABgAEAAAKIGN1AAAAAAAAAAAAAAAAAAZQYXBlcnMAAgBVLzpVc2VyczpzZWVrOk9uZURyaXZlIC0gTWVyY2sgU2hhcnAgJiBEb2htZSwgQ29ycDpCaWJsaW9ncmFwaHk6UGFwZXJzOkZyb2VzZV8yMDA4LnBkZgAADgAgAA8ARgByAG8AZQBzAGUAXwAyADAAMAA4AC4AcABkAGYADwAaAAwATQBhAGMAaQBuAHQAbwBzAGgAIABIAEQAEgBTVXNlcnMvc2Vlay9PbmVEcml2ZSAtIE1lcmNrIFNoYXJwICYgRG9obWUsIENvcnAvQmlibGlvZ3JhcGh5L1BhcGVycy9Gcm9lc2VfMjAwOC5wZGYAABMAAS8AABUAAgAL//8AAAAIAA0AGgAkAIEAAAAAAAACAQAAAAAAAAAFAAAAAAAAAAAAAAAAAAACKQ==}}

@techreport{Whittier2011,
	address = {Portland, Oregon, USA},
	author = {Whittier, Thomas R and Herlihy, Alan T and Jordan, Chris E and Volk, Carol},
	date-added = {2020-06-16 10:41:26 -0700},
	date-modified = {2021-01-28 10:10:19 -0800},
	institution = {NOAA, National Marine Fisheries Service},
	number = {NOAA Contract #AB1133F10SE2464},
	title = {Landscape classification of Pacific Northwest hydrologic units based on natural features and human disturbance to support salmonid research},
	year = {2011},
	Bdsk-File-1 = {YnBsaXN0MDDSAQIDBFxyZWxhdGl2ZVBhdGhZYWxpYXNEYXRhXxBbLi4vLi4vLi4vLi4vLi4vLi4vT25lRHJpdmUgLSBNZXJjayBTaGFycCAmIERvaG1lLCBDb3JwL0JpYmxpb2dyYXBoeS9QYXBlcnMvV2hpdHRpZXIyMDExLnBkZk8RAaYAAAAAAaYAAgAADE1hY2ludG9zaCBIRAAAAAAAAAAAAAAAAAAAAAAAAABCRAAB/////xBXaGl0dGllcjIwMTEucGRmAAAAAAAAAAAAAAAAAAAAAAAAAAAAAAAAAAAAAAAAAAAAAAAAAAAAAAAAAAAAAAD/////AAAAAAAAAAAAAAAAAAYABAAACiBjdQAAAAAAAAAAAAAAAAAGUGFwZXJzAAIAVi86VXNlcnM6c2VlazpPbmVEcml2ZSAtIE1lcmNrIFNoYXJwICYgRG9obWUsIENvcnA6QmlibGlvZ3JhcGh5OlBhcGVyczpXaGl0dGllcjIwMTEucGRmAA4AIgAQAFcAaABpAHQAdABpAGUAcgAyADAAMQAxAC4AcABkAGYADwAaAAwATQBhAGMAaQBuAHQAbwBzAGgAIABIAEQAEgBUVXNlcnMvc2Vlay9PbmVEcml2ZSAtIE1lcmNrIFNoYXJwICYgRG9obWUsIENvcnAvQmlibGlvZ3JhcGh5L1BhcGVycy9XaGl0dGllcjIwMTEucGRmABMAAS8AABUAAgAL//8AAAAIAA0AGgAkAIIAAAAAAAACAQAAAAAAAAAFAAAAAAAAAAAAAAAAAAACLA==}}

@article{Tonina2019,
	author = {Tonina, Daniele and McKean, James A and Benjankar, Rohan M and Wright, C Wayne and Goode, Jaime R and Chen, Qiuwen and Reeder, William J and Carmichael, Richard A and Edmondson, Michael R},
	date-added = {2020-06-15 15:51:46 -0700},
	date-modified = {2020-06-15 15:51:46 -0700},
	journal = {Earth Surface Processes and Landforms},
	number = {2},
	pages = {507--520},
	publisher = {Wiley Online Library},
	title = {Mapping river bathymetries: Evaluating topobathymetric LiDAR survey},
	volume = {44},
	year = {2019},
	Bdsk-File-1 = {YnBsaXN0MDDSAQIDBFxyZWxhdGl2ZVBhdGhZYWxpYXNEYXRhXxBZLi4vLi4vLi4vLi4vLi4vLi4vT25lRHJpdmUgLSBNZXJjayBTaGFycCAmIERvaG1lLCBDb3JwL0JpYmxpb2dyYXBoeS9QYXBlcnMvVG9uaW5hMjAxOS5wZGZPEQGeAAAAAAGeAAIAAAxNYWNpbnRvc2ggSEQAAAAAAAAAAAAAAAAAAAAAAAAAQkQAAf////8OVG9uaW5hMjAxOS5wZGYAAAAAAAAAAAAAAAAAAAAAAAAAAAAAAAAAAAAAAAAAAAAAAAAAAAAAAAAAAAAAAAAA/////wAAAAAAAAAAAAAAAAAGAAQAAAogY3UAAAAAAAAAAAAAAAAABlBhcGVycwACAFQvOlVzZXJzOnNlZWs6T25lRHJpdmUgLSBNZXJjayBTaGFycCAmIERvaG1lLCBDb3JwOkJpYmxpb2dyYXBoeTpQYXBlcnM6VG9uaW5hMjAxOS5wZGYADgAeAA4AVABvAG4AaQBuAGEAMgAwADEAOQAuAHAAZABmAA8AGgAMAE0AYQBjAGkAbgB0AG8AcwBoACAASABEABIAUlVzZXJzL3NlZWsvT25lRHJpdmUgLSBNZXJjayBTaGFycCAmIERvaG1lLCBDb3JwL0JpYmxpb2dyYXBoeS9QYXBlcnMvVG9uaW5hMjAxOS5wZGYAEwABLwAAFQACAAv//wAAAAgADQAaACQAgAAAAAAAAAIBAAAAAAAAAAUAAAAAAAAAAAAAAAAAAAIi}}

@article{McKean2008,
	author = {McKean, Jim A and Isaak, Dan J and Wright, Charles W},
	date-added = {2020-06-15 15:47:48 -0700},
	date-modified = {2020-06-15 15:47:48 -0700},
	journal = {Frontiers in Ecology and the Environment},
	number = {3},
	pages = {125--130},
	publisher = {Wiley Online Library},
	title = {Geomorphic controls on salmon nesting patterns described by a new, narrow-beam terrestrial--aquatic lidar},
	volume = {6},
	year = {2008},
	Bdsk-File-1 = {YnBsaXN0MDDSAQIDBFxyZWxhdGl2ZVBhdGhZYWxpYXNEYXRhXxBZLi4vLi4vLi4vLi4vLi4vLi4vT25lRHJpdmUgLSBNZXJjayBTaGFycCAmIERvaG1lLCBDb3JwL0JpYmxpb2dyYXBoeS9QYXBlcnMvTWNLZWFuMjAwOC5wZGZPEQGeAAAAAAGeAAIAAAxNYWNpbnRvc2ggSEQAAAAAAAAAAAAAAAAAAAAAAAAAQkQAAf////8OTWNLZWFuMjAwOC5wZGYAAAAAAAAAAAAAAAAAAAAAAAAAAAAAAAAAAAAAAAAAAAAAAAAAAAAAAAAAAAAAAAAA/////wAAAAAAAAAAAAAAAAAGAAQAAAogY3UAAAAAAAAAAAAAAAAABlBhcGVycwACAFQvOlVzZXJzOnNlZWs6T25lRHJpdmUgLSBNZXJjayBTaGFycCAmIERvaG1lLCBDb3JwOkJpYmxpb2dyYXBoeTpQYXBlcnM6TWNLZWFuMjAwOC5wZGYADgAeAA4ATQBjAEsAZQBhAG4AMgAwADAAOAAuAHAAZABmAA8AGgAMAE0AYQBjAGkAbgB0AG8AcwBoACAASABEABIAUlVzZXJzL3NlZWsvT25lRHJpdmUgLSBNZXJjayBTaGFycCAmIERvaG1lLCBDb3JwL0JpYmxpb2dyYXBoeS9QYXBlcnMvTWNLZWFuMjAwOC5wZGYAEwABLwAAFQACAAv//wAAAAgADQAaACQAgAAAAAAAAAIBAAAAAAAAAAUAAAAAAAAAAAAAAAAAAAIi},
	Bdsk-File-2 = {YnBsaXN0MDDSAQIDBFxyZWxhdGl2ZVBhdGhZYWxpYXNEYXRhXxBaLi4vLi4vLi4vLi4vLi4vLi4vT25lRHJpdmUgLSBNZXJjayBTaGFycCAmIERvaG1lLCBDb3JwL0JpYmxpb2dyYXBoeS9QYXBlcnMvTWNLZWFuMjAwODAucGRmTxEBpAAAAAABpAACAAAMTWFjaW50b3NoIEhEAAAAAAAAAAAAAAAAAAAAAAAAAEJEAAH/////D01jS2VhbjIwMDgwLnBkZgAAAAAAAAAAAAAAAAAAAAAAAAAAAAAAAAAAAAAAAAAAAAAAAAAAAAAAAAAAAAAAAP////8AAAAAAAAAAAAAAAAABgAEAAAKIGN1AAAAAAAAAAAAAAAAAAZQYXBlcnMAAgBVLzpVc2VyczpzZWVrOk9uZURyaXZlIC0gTWVyY2sgU2hhcnAgJiBEb2htZSwgQ29ycDpCaWJsaW9ncmFwaHk6UGFwZXJzOk1jS2VhbjIwMDgwLnBkZgAADgAgAA8ATQBjAEsAZQBhAG4AMgAwADAAOAAwAC4AcABkAGYADwAaAAwATQBhAGMAaQBuAHQAbwBzAGgAIABIAEQAEgBTVXNlcnMvc2Vlay9PbmVEcml2ZSAtIE1lcmNrIFNoYXJwICYgRG9obWUsIENvcnAvQmlibGlvZ3JhcGh5L1BhcGVycy9NY0tlYW4yMDA4MC5wZGYAABMAAS8AABUAAgAL//8AAAAIAA0AGgAkAIEAAAAAAAACAQAAAAAAAAAFAAAAAAAAAAAAAAAAAAACKQ==}}

@article{Carmichael2020,
	author = {Carmichael, Richard A and Tonina, Daniele and Keeley, Ernest R and Benjankar, Rohan M and See, Kevin E},
	date-added = {2020-06-15 13:39:57 -0700},
	date-modified = {2020-12-03 10:14:36 -0800},
	journal = {Canadian Journal of Fisheries and Aquatic Sciences},
	number = {7},
	pages = {1221-1232},
	publisher = {NRC Research Press},
	title = {Some like it slow: a bioenergetic evaluation of habitat quality for juvenile {C}hinook salmon in the {L}emhi {R}iver, {I}daho},
	volume = {77},
	year = {2020},
	Bdsk-File-1 = {YnBsaXN0MDDSAQIDBFxyZWxhdGl2ZVBhdGhZYWxpYXNEYXRhXxBdLi4vLi4vLi4vLi4vLi4vLi4vT25lRHJpdmUgLSBNZXJjayBTaGFycCAmIERvaG1lLCBDb3JwL0JpYmxpb2dyYXBoeS9QYXBlcnMvQ2FybWljaGFlbDIwMjAucGRmTxEBrgAAAAABrgACAAAMTWFjaW50b3NoIEhEAAAAAAAAAAAAAAAAAAAAAAAAAEJEAAH/////EkNhcm1pY2hhZWwyMDIwLnBkZgAAAAAAAAAAAAAAAAAAAAAAAAAAAAAAAAAAAAAAAAAAAAAAAAAAAAAAAAAAAP////8AAAAAAAAAAAAAAAAABgAEAAAKIGN1AAAAAAAAAAAAAAAAAAZQYXBlcnMAAgBYLzpVc2VyczpzZWVrOk9uZURyaXZlIC0gTWVyY2sgU2hhcnAgJiBEb2htZSwgQ29ycDpCaWJsaW9ncmFwaHk6UGFwZXJzOkNhcm1pY2hhZWwyMDIwLnBkZgAOACYAEgBDAGEAcgBtAGkAYwBoAGEAZQBsADIAMAAyADAALgBwAGQAZgAPABoADABNAGEAYwBpAG4AdABvAHMAaAAgAEgARAASAFZVc2Vycy9zZWVrL09uZURyaXZlIC0gTWVyY2sgU2hhcnAgJiBEb2htZSwgQ29ycC9CaWJsaW9ncmFwaHkvUGFwZXJzL0Nhcm1pY2hhZWwyMDIwLnBkZgATAAEvAAAVAAIAC///AAAACAANABoAJACEAAAAAAAAAgEAAAAAAAAABQAAAAAAAAAAAAAAAAAAAjY=}}

@techreport{Bradburn2011,
	abstract = {"The Northwest Fisheries Science Center's Fishery Resource Analysis and Monitoring Division conducts an annual West Coast Groundfish Bottom Trawl Survey (WCGBTS) from May to October each year. The WCGBTS is a continuation of a number of transect-based surveys conducted between 1977 and 2002. This report summarizes the results of the annual WCGBTSs from 2003 to 2008. WCGBTSs collects data on more than 90 species described in the Pacific Coast Groundfish Fishery Management Plan to fulfill the mandates included in the Magnuson-Stevens Fishery Conservation and Management Act. The surveys are designed to provide fisheries-independent indices of stock abundance, which support stock assessment models for commercially and recreationally harvested groundfish species. The surveys also monitor long-term trends in distribution and abundance of West Coast groundfish species. Since 2003 the surveys have adopted a stratified-random sampling design and included the continental shelf (depth 55-183 m) and the continental slope (depth 184-1,280 m). WCGBTSs have been conducted each year by chartered commercial fishing vessels from mid-May until late October. An Aberdeen-type net with a small mesh codend liner has been used to sample fish biomass. Tows were made within randomly selected cells in three depth zones (55-183 m, 184-549 m, and 550-1,280 m) and five International North Pacific Fisheries Commission statistical areas. In 2004 the survey was subsequently grouped into two geographic strata, north and south of Point Conception, California. From 2003 to 2008, 3,971 successful tows were completed along the U.S. Pacific Coast south of Cape Flattery (47⁰20'N), Washington, and north of the U.S.-Mexico border (32⁰40'N). During this time, 750,000 individual lengths and 136,000 age structures were collected from species of management concern. In this report, we document operations and results of the 2003-2008 groundfish surveys with intent to summarize the data available for the creation of indices of abundance for stock assessment purposes"-Executive summary, page xv.; Mark J. Bradburn, Aimee A. Keller, and Beth H. Horness.; "December 2011."; Also available online in PDF format.; Includes bibliographical references (pages 285-286).},
	an = {noaa:4051},
	author = {Bradburn, Mark J. (Mark James) and Keller, Aimee A. and Horness, Beth Helene},
	date-added = {2020-06-11 10:57:35 -0700},
	date-modified = {2020-06-11 10:57:35 -0700},
	institution = {Northwest Fisheries Science Center (U. S. )},
	keywords = {Fish surveys; Groundfish fisheries; Groundfishes; Management; Monitoring; Trawls and trawling; Groundfish fisheries; Management; Groundfishes; Monitoring; Fish surveys; Trawls and trawling},
	m3 = {Technical Memorandum},
	number = {114},
	title = {The 2003 to 2008 {U.S.} West Coast Bottom Trawl Surveys of Groundfish Resources off {W}ashington, {O}regon, and {C}alifornia: Estimates of Distribution, Abundance, Length, and Age Composition},
	title1 = {The 2003 to 2008 U.S. West Coast bottom trawl surveys of groundfish resources off Washington, Oregon, and California : estimates of distribution, abundance, length, and age composition},
	ty = {bibliography},
	type = {NOAA technical memorandum NMFS-NWFSC},
	url = {https://repository.library.noaa.gov/view/noaa/4051},
	year = {2011},
	Bdsk-File-1 = {YnBsaXN0MDDSAQIDBFxyZWxhdGl2ZVBhdGhZYWxpYXNEYXRhXxBbLi4vLi4vLi4vLi4vLi4vLi4vT25lRHJpdmUgLSBNZXJjayBTaGFycCAmIERvaG1lLCBDb3JwL0JpYmxpb2dyYXBoeS9QYXBlcnMvQnJhZGJ1cm4yMDExLnBkZk8RAaYAAAAAAaYAAgAADE1hY2ludG9zaCBIRAAAAAAAAAAAAAAAAAAAAAAAAABCRAAB/////xBCcmFkYnVybjIwMTEucGRmAAAAAAAAAAAAAAAAAAAAAAAAAAAAAAAAAAAAAAAAAAAAAAAAAAAAAAAAAAAAAAD/////AAAAAAAAAAAAAAAAAAYABAAACiBjdQAAAAAAAAAAAAAAAAAGUGFwZXJzAAIAVi86VXNlcnM6c2VlazpPbmVEcml2ZSAtIE1lcmNrIFNoYXJwICYgRG9obWUsIENvcnA6QmlibGlvZ3JhcGh5OlBhcGVyczpCcmFkYnVybjIwMTEucGRmAA4AIgAQAEIAcgBhAGQAYgB1AHIAbgAyADAAMQAxAC4AcABkAGYADwAaAAwATQBhAGMAaQBuAHQAbwBzAGgAIABIAEQAEgBUVXNlcnMvc2Vlay9PbmVEcml2ZSAtIE1lcmNrIFNoYXJwICYgRG9obWUsIENvcnAvQmlibGlvZ3JhcGh5L1BhcGVycy9CcmFkYnVybjIwMTEucGRmABMAAS8AABUAAgAL//8AAAAIAA0AGgAkAIIAAAAAAAACAQAAAAAAAAAFAAAAAAAAAAAAAAAAAAACLA==},
	Bdsk-Url-1 = {https://repository.library.noaa.gov/view/noaa/4051}}

@article{Sauer2017,
	author = {Sauer, John R and Pardieck, Keith L and Ziolkowski Jr, David J and Smith, Adam C and Hudson, Marie-Anne R and Rodriguez, Vicente and Berlanga, Humberto and Niven, Daniel K and Link, William A},
	date-added = {2020-06-11 10:51:17 -0700},
	date-modified = {2020-06-11 10:51:17 -0700},
	journal = {The Condor: Ornithological Applications},
	number = {3},
	pages = {576--593},
	publisher = {Oxford University Press},
	title = {The first 50 years of the North American breeding bird survey},
	volume = {119},
	year = {2017},
	Bdsk-File-1 = {YnBsaXN0MDDSAQIDBFxyZWxhdGl2ZVBhdGhZYWxpYXNEYXRhXxBYLi4vLi4vLi4vLi4vLi4vLi4vT25lRHJpdmUgLSBNZXJjayBTaGFycCAmIERvaG1lLCBDb3JwL0JpYmxpb2dyYXBoeS9QYXBlcnMvU2F1ZXIyMDE3LnBkZk8RAZwAAAAAAZwAAgAADE1hY2ludG9zaCBIRAAAAAAAAAAAAAAAAAAAAAAAAABCRAAB/////w1TYXVlcjIwMTcucGRmAAAAAAAAAAAAAAAAAAAAAAAAAAAAAAAAAAAAAAAAAAAAAAAAAAAAAAAAAAAAAAAAAAD/////AAAAAAAAAAAAAAAAAAYABAAACiBjdQAAAAAAAAAAAAAAAAAGUGFwZXJzAAIAUy86VXNlcnM6c2VlazpPbmVEcml2ZSAtIE1lcmNrIFNoYXJwICYgRG9obWUsIENvcnA6QmlibGlvZ3JhcGh5OlBhcGVyczpTYXVlcjIwMTcucGRmAAAOABwADQBTAGEAdQBlAHIAMgAwADEANwAuAHAAZABmAA8AGgAMAE0AYQBjAGkAbgB0AG8AcwBoACAASABEABIAUVVzZXJzL3NlZWsvT25lRHJpdmUgLSBNZXJjayBTaGFycCAmIERvaG1lLCBDb3JwL0JpYmxpb2dyYXBoeS9QYXBlcnMvU2F1ZXIyMDE3LnBkZgAAEwABLwAAFQACAAv//wAAAAgADQAaACQAfwAAAAAAAAIBAAAAAAAAAAUAAAAAAAAAAAAAAAAAAAIf}}

@article{Brett1952,
	author = {Brett, John Roland},
	date-added = {2020-06-10 15:50:59 -0700},
	date-modified = {2020-12-03 10:11:47 -0800},
	journal = {Journal of the Fisheries Board of Canada},
	number = {6},
	pages = {265--323},
	publisher = {NRC Research Press},
	title = {Temperature tolerance in young Pacific salmon, genus \emph{Oncorhynchus}},
	volume = {9},
	year = {1952},
	Bdsk-File-1 = {YnBsaXN0MDDSAQIDBFxyZWxhdGl2ZVBhdGhZYWxpYXNEYXRhXxBYLi4vLi4vLi4vLi4vLi4vLi4vT25lRHJpdmUgLSBNZXJjayBTaGFycCAmIERvaG1lLCBDb3JwL0JpYmxpb2dyYXBoeS9QYXBlcnMvQnJldHQxOTUyLnBkZk8RAZwAAAAAAZwAAgAADE1hY2ludG9zaCBIRAAAAAAAAAAAAAAAAAAAAAAAAABCRAAB/////w1CcmV0dDE5NTIucGRmAAAAAAAAAAAAAAAAAAAAAAAAAAAAAAAAAAAAAAAAAAAAAAAAAAAAAAAAAAAAAAAAAAD/////AAAAAAAAAAAAAAAAAAYABAAACiBjdQAAAAAAAAAAAAAAAAAGUGFwZXJzAAIAUy86VXNlcnM6c2VlazpPbmVEcml2ZSAtIE1lcmNrIFNoYXJwICYgRG9obWUsIENvcnA6QmlibGlvZ3JhcGh5OlBhcGVyczpCcmV0dDE5NTIucGRmAAAOABwADQBCAHIAZQB0AHQAMQA5ADUAMgAuAHAAZABmAA8AGgAMAE0AYQBjAGkAbgB0AG8AcwBoACAASABEABIAUVVzZXJzL3NlZWsvT25lRHJpdmUgLSBNZXJjayBTaGFycCAmIERvaG1lLCBDb3JwL0JpYmxpb2dyYXBoeS9QYXBlcnMvQnJldHQxOTUyLnBkZgAAEwABLwAAFQACAAv//wAAAAgADQAaACQAfwAAAAAAAAIBAAAAAAAAAAUAAAAAAAAAAAAAAAAAAAIf}}

@article{Allen2000,
	author = {Allen, Mark A},
	date-added = {2020-06-10 15:50:08 -0700},
	date-modified = {2020-12-03 09:53:40 -0800},
	journal = {Rivers},
	number = {4},
	pages = {314--332},
	title = {Seasonal microhabitat use by juvenile spring {Chinook} salmon in the {Y}akima {R}iver basin, {W}ashington},
	volume = {7},
	year = {2000},
	Bdsk-File-1 = {YnBsaXN0MDDSAQIDBFxyZWxhdGl2ZVBhdGhZYWxpYXNEYXRhXxBYLi4vLi4vLi4vLi4vLi4vLi4vT25lRHJpdmUgLSBNZXJjayBTaGFycCAmIERvaG1lLCBDb3JwL0JpYmxpb2dyYXBoeS9QYXBlcnMvQWxsZW4yMDAwLnBkZk8RAZwAAAAAAZwAAgAADE1hY2ludG9zaCBIRAAAAAAAAAAAAAAAAAAAAAAAAABCRAAB/////w1BbGxlbjIwMDAucGRmAAAAAAAAAAAAAAAAAAAAAAAAAAAAAAAAAAAAAAAAAAAAAAAAAAAAAAAAAAAAAAAAAAD/////AAAAAAAAAAAAAAAAAAYABAAACiBjdQAAAAAAAAAAAAAAAAAGUGFwZXJzAAIAUy86VXNlcnM6c2VlazpPbmVEcml2ZSAtIE1lcmNrIFNoYXJwICYgRG9obWUsIENvcnA6QmlibGlvZ3JhcGh5OlBhcGVyczpBbGxlbjIwMDAucGRmAAAOABwADQBBAGwAbABlAG4AMgAwADAAMAAuAHAAZABmAA8AGgAMAE0AYQBjAGkAbgB0AG8AcwBoACAASABEABIAUVVzZXJzL3NlZWsvT25lRHJpdmUgLSBNZXJjayBTaGFycCAmIERvaG1lLCBDb3JwL0JpYmxpb2dyYXBoeS9QYXBlcnMvQWxsZW4yMDAwLnBkZgAAEwABLwAAFQACAAv//wAAAAgADQAaACQAfwAAAAAAAAIBAAAAAAAAAAUAAAAAAAAAAAAAAAAAAAIf}}

@article{Holecek2009,
	author = {Holecek, Dean E and Cromwell, Kara J and Kennedy, Brian P},
	date-added = {2020-06-10 15:19:20 -0700},
	date-modified = {2020-12-03 10:23:04 -0800},
	journal = {Transactions of the American Fisheries Society},
	number = {3},
	pages = {633--644},
	publisher = {Taylor \& Francis},
	title = {Juvenile {C}hinook salmon summer microhabitat availability, use, and selection in a central {I}daho wilderness stream},
	volume = {138},
	year = {2009},
	Bdsk-File-1 = {YnBsaXN0MDDSAQIDBFxyZWxhdGl2ZVBhdGhZYWxpYXNEYXRhXxBaLi4vLi4vLi4vLi4vLi4vLi4vT25lRHJpdmUgLSBNZXJjayBTaGFycCAmIERvaG1lLCBDb3JwL0JpYmxpb2dyYXBoeS9QYXBlcnMvSG9sZWNlazIwMDkucGRmTxEBpAAAAAABpAACAAAMTWFjaW50b3NoIEhEAAAAAAAAAAAAAAAAAAAAAAAAAEJEAAH/////D0hvbGVjZWsyMDA5LnBkZgAAAAAAAAAAAAAAAAAAAAAAAAAAAAAAAAAAAAAAAAAAAAAAAAAAAAAAAAAAAAAAAP////8AAAAAAAAAAAAAAAAABgAEAAAKIGN1AAAAAAAAAAAAAAAAAAZQYXBlcnMAAgBVLzpVc2VyczpzZWVrOk9uZURyaXZlIC0gTWVyY2sgU2hhcnAgJiBEb2htZSwgQ29ycDpCaWJsaW9ncmFwaHk6UGFwZXJzOkhvbGVjZWsyMDA5LnBkZgAADgAgAA8ASABvAGwAZQBjAGUAawAyADAAMAA5AC4AcABkAGYADwAaAAwATQBhAGMAaQBuAHQAbwBzAGgAIABIAEQAEgBTVXNlcnMvc2Vlay9PbmVEcml2ZSAtIE1lcmNrIFNoYXJwICYgRG9obWUsIENvcnAvQmlibGlvZ3JhcGh5L1BhcGVycy9Ib2xlY2VrMjAwOS5wZGYAABMAAS8AABUAAgAL//8AAAAIAA0AGgAkAIEAAAAAAAACAQAAAAAAAAAFAAAAAAAAAAAAAAAAAAACKQ==}}

@article{Bjornn1991,
	author = {Bjornn, TCj and Reiser, DW},
	date-added = {2020-06-10 15:17:52 -0700},
	date-modified = {2020-06-10 15:17:52 -0700},
	journal = {American Fisheries Society Special Publication},
	number = {837},
	pages = {138},
	title = {Habitat requirements of salmonids in streams},
	volume = {19},
	year = {1991},
	Bdsk-File-1 = {YnBsaXN0MDDSAQIDBFxyZWxhdGl2ZVBhdGhZYWxpYXNEYXRhXxBZLi4vLi4vLi4vLi4vLi4vLi4vT25lRHJpdmUgLSBNZXJjayBTaGFycCAmIERvaG1lLCBDb3JwL0JpYmxpb2dyYXBoeS9QYXBlcnMvQmpvcm5uMTk5MS5wZGZPEQGeAAAAAAGeAAIAAAxNYWNpbnRvc2ggSEQAAAAAAAAAAAAAAAAAAAAAAAAAQkQAAf////8OQmpvcm5uMTk5MS5wZGYAAAAAAAAAAAAAAAAAAAAAAAAAAAAAAAAAAAAAAAAAAAAAAAAAAAAAAAAAAAAAAAAA/////wAAAAAAAAAAAAAAAAAGAAQAAAogY3UAAAAAAAAAAAAAAAAABlBhcGVycwACAFQvOlVzZXJzOnNlZWs6T25lRHJpdmUgLSBNZXJjayBTaGFycCAmIERvaG1lLCBDb3JwOkJpYmxpb2dyYXBoeTpQYXBlcnM6Qmpvcm5uMTk5MS5wZGYADgAeAA4AQgBqAG8AcgBuAG4AMQA5ADkAMQAuAHAAZABmAA8AGgAMAE0AYQBjAGkAbgB0AG8AcwBoACAASABEABIAUlVzZXJzL3NlZWsvT25lRHJpdmUgLSBNZXJjayBTaGFycCAmIERvaG1lLCBDb3JwL0JpYmxpb2dyYXBoeS9QYXBlcnMvQmpvcm5uMTk5MS5wZGYAEwABLwAAFQACAAv//wAAAAgADQAaACQAgAAAAAAAAAIBAAAAAAAAAAUAAAAAAAAAAAAAAAAAAAIi}}

@techreport{Raleigh1986,
	address = {Fort Collins, Colorado, USA},
	author = {Raleigh, Robert F and Miller, William James and Nelson, Patrick C},
	date-added = {2020-06-10 15:17:25 -0700},
	date-modified = {2020-12-03 10:41:26 -0800},
	institution = {US Department of the Interior, Fish and Wildlife Service},
	number = {82(10.122)},
	publisher = {National Ecology Center},
	title = {Habitat suitability index models and instream flow suitability curves: {C}hinook salmon},
	type = {Biological Report},
	year = {1986},
	Bdsk-File-1 = {YnBsaXN0MDDSAQIDBFxyZWxhdGl2ZVBhdGhZYWxpYXNEYXRhXxBaLi4vLi4vLi4vLi4vLi4vLi4vT25lRHJpdmUgLSBNZXJjayBTaGFycCAmIERvaG1lLCBDb3JwL0JpYmxpb2dyYXBoeS9QYXBlcnMvUmFsZWlnaDE5ODYucGRmTxEBpAAAAAABpAACAAAMTWFjaW50b3NoIEhEAAAAAAAAAAAAAAAAAAAAAAAAAEJEAAH/////D1JhbGVpZ2gxOTg2LnBkZgAAAAAAAAAAAAAAAAAAAAAAAAAAAAAAAAAAAAAAAAAAAAAAAAAAAAAAAAAAAAAAAP////8AAAAAAAAAAAAAAAAABgAEAAAKIGN1AAAAAAAAAAAAAAAAAAZQYXBlcnMAAgBVLzpVc2VyczpzZWVrOk9uZURyaXZlIC0gTWVyY2sgU2hhcnAgJiBEb2htZSwgQ29ycDpCaWJsaW9ncmFwaHk6UGFwZXJzOlJhbGVpZ2gxOTg2LnBkZgAADgAgAA8AUgBhAGwAZQBpAGcAaAAxADkAOAA2AC4AcABkAGYADwAaAAwATQBhAGMAaQBuAHQAbwBzAGgAIABIAEQAEgBTVXNlcnMvc2Vlay9PbmVEcml2ZSAtIE1lcmNrIFNoYXJwICYgRG9obWUsIENvcnAvQmlibGlvZ3JhcGh5L1BhcGVycy9SYWxlaWdoMTk4Ni5wZGYAABMAAS8AABUAAgAL//8AAAAIAA0AGgAkAIEAAAAAAAACAQAAAAAAAAAFAAAAAAAAAAAAAAAAAAACKQ==}}

@article{Hillman1987,
	author = {Hillman, Tracy W and Griffith, JS and Platts, WS},
	date-added = {2020-06-10 15:09:29 -0700},
	date-modified = {2020-12-03 10:22:31 -0800},
	journal = {Transactions of the American Fisheries Society},
	number = {2},
	pages = {185--195},
	publisher = {Wiley Online Library},
	title = {Summer and winter habitat selection by juvenile {C}hinook salmon in a highly sedimented {I}daho stream},
	volume = {116},
	year = {1987},
	Bdsk-File-1 = {YnBsaXN0MDDSAQIDBFxyZWxhdGl2ZVBhdGhZYWxpYXNEYXRhXxBaLi4vLi4vLi4vLi4vLi4vLi4vT25lRHJpdmUgLSBNZXJjayBTaGFycCAmIERvaG1lLCBDb3JwL0JpYmxpb2dyYXBoeS9QYXBlcnMvSGlsbG1hbjE5ODcucGRmTxEBpAAAAAABpAACAAAMTWFjaW50b3NoIEhEAAAAAAAAAAAAAAAAAAAAAAAAAEJEAAH/////D0hpbGxtYW4xOTg3LnBkZgAAAAAAAAAAAAAAAAAAAAAAAAAAAAAAAAAAAAAAAAAAAAAAAAAAAAAAAAAAAAAAAP////8AAAAAAAAAAAAAAAAABgAEAAAKIGN1AAAAAAAAAAAAAAAAAAZQYXBlcnMAAgBVLzpVc2VyczpzZWVrOk9uZURyaXZlIC0gTWVyY2sgU2hhcnAgJiBEb2htZSwgQ29ycDpCaWJsaW9ncmFwaHk6UGFwZXJzOkhpbGxtYW4xOTg3LnBkZgAADgAgAA8ASABpAGwAbABtAGEAbgAxADkAOAA3AC4AcABkAGYADwAaAAwATQBhAGMAaQBuAHQAbwBzAGgAIABIAEQAEgBTVXNlcnMvc2Vlay9PbmVEcml2ZSAtIE1lcmNrIFNoYXJwICYgRG9obWUsIENvcnAvQmlibGlvZ3JhcGh5L1BhcGVycy9IaWxsbWFuMTk4Ny5wZGYAABMAAS8AABUAAgAL//8AAAAIAA0AGgAkAIEAAAAAAAACAQAAAAAAAAAFAAAAAAAAAAAAAAAAAAACKQ==}}

@misc{Larsen2016,
	address = {North Bend, Washington, USA},
	author = {Larsen, D.P. and Volk, C.J. and Stevens Jr, D.L. and Olsen, A.R. and Jordan, C.E.},
	date-added = {2020-06-09 13:01:48 -0700},
	date-modified = {2020-12-03 10:24:52 -0800},
	doi = {10.13140/RG.2.2.16875.57124},
	institution = {South Fork Research},
	lastchecked = {Feb 28, 2017},
	title = {An overview of the {C}olumbia {H}abitat {M}onitoring {P}rogram's ({CHaMP}) spatial-temporal design framework},
	url = {https://www.champmonitoring.org/Program/RetrieveProgramDocumentFile/Tab/1138},
	year = {2016},
	Bdsk-File-1 = {YnBsaXN0MDDSAQIDBFxyZWxhdGl2ZVBhdGhZYWxpYXNEYXRhXxBZLi4vLi4vLi4vLi4vLi4vLi4vT25lRHJpdmUgLSBNZXJjayBTaGFycCAmIERvaG1lLCBDb3JwL0JpYmxpb2dyYXBoeS9QYXBlcnMvTGFyc2VuMjAxNi5wZGZPEQGeAAAAAAGeAAIAAAxNYWNpbnRvc2ggSEQAAAAAAAAAAAAAAAAAAAAAAAAAQkQAAf////8OTGFyc2VuMjAxNi5wZGYAAAAAAAAAAAAAAAAAAAAAAAAAAAAAAAAAAAAAAAAAAAAAAAAAAAAAAAAAAAAAAAAA/////wAAAAAAAAAAAAAAAAAGAAQAAAogY3UAAAAAAAAAAAAAAAAABlBhcGVycwACAFQvOlVzZXJzOnNlZWs6T25lRHJpdmUgLSBNZXJjayBTaGFycCAmIERvaG1lLCBDb3JwOkJpYmxpb2dyYXBoeTpQYXBlcnM6TGFyc2VuMjAxNi5wZGYADgAeAA4ATABhAHIAcwBlAG4AMgAwADEANgAuAHAAZABmAA8AGgAMAE0AYQBjAGkAbgB0AG8AcwBoACAASABEABIAUlVzZXJzL3NlZWsvT25lRHJpdmUgLSBNZXJjayBTaGFycCAmIERvaG1lLCBDb3JwL0JpYmxpb2dyYXBoeS9QYXBlcnMvTGFyc2VuMjAxNi5wZGYAEwABLwAAFQACAAv//wAAAAgADQAaACQAgAAAAAAAAAIBAAAAAAAAAAUAAAAAAAAAAAAAAAAAAAIi},
	Bdsk-Url-1 = {https://www.champmonitoring.org/Program/RetrieveProgramDocumentFile/Tab/1138}}

@article{Larsen2008,
	author = {Larsen, David P and Olsen, Anthony R and Stevens, Donald L},
	date-added = {2020-06-08 11:02:42 -0700},
	date-modified = {2020-06-08 11:02:42 -0700},
	journal = {Journal of Agricultural, Biological, and Environmental Statistics},
	number = {3},
	pages = {243},
	publisher = {Springer},
	title = {Using a master sample to integrate stream monitoring programs},
	volume = {13},
	year = {2008},
	Bdsk-File-1 = {YnBsaXN0MDDSAQIDBFxyZWxhdGl2ZVBhdGhZYWxpYXNEYXRhXxBZLi4vLi4vLi4vLi4vLi4vLi4vT25lRHJpdmUgLSBNZXJjayBTaGFycCAmIERvaG1lLCBDb3JwL0JpYmxpb2dyYXBoeS9QYXBlcnMvTGFyc2VuMjAwOC5wZGZPEQGeAAAAAAGeAAIAAAxNYWNpbnRvc2ggSEQAAAAAAAAAAAAAAAAAAAAAAAAAQkQAAf////8OTGFyc2VuMjAwOC5wZGYAAAAAAAAAAAAAAAAAAAAAAAAAAAAAAAAAAAAAAAAAAAAAAAAAAAAAAAAAAAAAAAAA/////wAAAAAAAAAAAAAAAAAGAAQAAAogY3UAAAAAAAAAAAAAAAAABlBhcGVycwACAFQvOlVzZXJzOnNlZWs6T25lRHJpdmUgLSBNZXJjayBTaGFycCAmIERvaG1lLCBDb3JwOkJpYmxpb2dyYXBoeTpQYXBlcnM6TGFyc2VuMjAwOC5wZGYADgAeAA4ATABhAHIAcwBlAG4AMgAwADAAOAAuAHAAZABmAA8AGgAMAE0AYQBjAGkAbgB0AG8AcwBoACAASABEABIAUlVzZXJzL3NlZWsvT25lRHJpdmUgLSBNZXJjayBTaGFycCAmIERvaG1lLCBDb3JwL0JpYmxpb2dyYXBoeS9QYXBlcnMvTGFyc2VuMjAwOC5wZGYAEwABLwAAFQACAAv//wAAAAgADQAaACQAgAAAAAAAAAIBAAAAAAAAAAUAAAAAAAAAAAAAAAAAAAIi}}

@article{Moussalli1986,
	author = {Moussalli, Elie and Hilborn, Ray},
	date-added = {2020-06-02 11:15:46 -0700},
	date-modified = {2020-06-02 11:15:46 -0700},
	journal = {Canadian Journal of Fisheries and Aquatic Sciences},
	number = {1},
	pages = {135--141},
	publisher = {NRC Research Press},
	title = {Optimal stock size and harvest rate in multistage life history models},
	volume = {43},
	year = {1986},
	Bdsk-File-1 = {YnBsaXN0MDDSAQIDBFxyZWxhdGl2ZVBhdGhZYWxpYXNEYXRhXxBcLi4vLi4vLi4vLi4vLi4vLi4vT25lRHJpdmUgLSBNZXJjayBTaGFycCAmIERvaG1lLCBDb3JwL0JpYmxpb2dyYXBoeS9QYXBlcnMvTW91c3NhbGxpMTk4Ni5wZGZPEQGsAAAAAAGsAAIAAAxNYWNpbnRvc2ggSEQAAAAAAAAAAAAAAAAAAAAAAAAAQkQAAf////8RTW91c3NhbGxpMTk4Ni5wZGYAAAAAAAAAAAAAAAAAAAAAAAAAAAAAAAAAAAAAAAAAAAAAAAAAAAAAAAAAAAAA/////wAAAAAAAAAAAAAAAAAGAAQAAAogY3UAAAAAAAAAAAAAAAAABlBhcGVycwACAFcvOlVzZXJzOnNlZWs6T25lRHJpdmUgLSBNZXJjayBTaGFycCAmIERvaG1lLCBDb3JwOkJpYmxpb2dyYXBoeTpQYXBlcnM6TW91c3NhbGxpMTk4Ni5wZGYAAA4AJAARAE0AbwB1AHMAcwBhAGwAbABpADEAOQA4ADYALgBwAGQAZgAPABoADABNAGEAYwBpAG4AdABvAHMAaAAgAEgARAASAFVVc2Vycy9zZWVrL09uZURyaXZlIC0gTWVyY2sgU2hhcnAgJiBEb2htZSwgQ29ycC9CaWJsaW9ncmFwaHkvUGFwZXJzL01vdXNzYWxsaTE5ODYucGRmAAATAAEvAAAVAAIAC///AAAACAANABoAJACDAAAAAAAAAgEAAAAAAAAABQAAAAAAAAAAAAAAAAAAAjM=}}

@article{Myers1999,
	author = {Myers, Ransom A and Bowen, Keith G and Barrowman, Nicholas J},
	date-added = {2020-06-02 11:15:29 -0700},
	date-modified = {2020-06-02 11:15:29 -0700},
	journal = {Canadian Journal of Fisheries and Aquatic Sciences},
	number = {12},
	pages = {2404--2419},
	publisher = {NRC Research Press},
	title = {Maximum reproductive rate of fish at low population sizes},
	volume = {56},
	year = {1999},
	Bdsk-File-1 = {YnBsaXN0MDDSAQIDBFxyZWxhdGl2ZVBhdGhZYWxpYXNEYXRhXxBYLi4vLi4vLi4vLi4vLi4vLi4vT25lRHJpdmUgLSBNZXJjayBTaGFycCAmIERvaG1lLCBDb3JwL0JpYmxpb2dyYXBoeS9QYXBlcnMvTXllcnMxOTk5LnBkZk8RAZwAAAAAAZwAAgAADE1hY2ludG9zaCBIRAAAAAAAAAAAAAAAAAAAAAAAAABCRAAB/////w1NeWVyczE5OTkucGRmAAAAAAAAAAAAAAAAAAAAAAAAAAAAAAAAAAAAAAAAAAAAAAAAAAAAAAAAAAAAAAAAAAD/////AAAAAAAAAAAAAAAAAAYABAAACiBjdQAAAAAAAAAAAAAAAAAGUGFwZXJzAAIAUy86VXNlcnM6c2VlazpPbmVEcml2ZSAtIE1lcmNrIFNoYXJwICYgRG9obWUsIENvcnA6QmlibGlvZ3JhcGh5OlBhcGVyczpNeWVyczE5OTkucGRmAAAOABwADQBNAHkAZQByAHMAMQA5ADkAOQAuAHAAZABmAA8AGgAMAE0AYQBjAGkAbgB0AG8AcwBoACAASABEABIAUVVzZXJzL3NlZWsvT25lRHJpdmUgLSBNZXJjayBTaGFycCAmIERvaG1lLCBDb3JwL0JpYmxpb2dyYXBoeS9QYXBlcnMvTXllcnMxOTk5LnBkZgAAEwABLwAAFQACAAv//wAAAAgADQAaACQAfwAAAAAAAAIBAAAAAAAAAAUAAAAAAAAAAAAAAAAAAAIf}}

@techreport{NOAA2016,
	address = {Portland, Oregon, USA},
	author = {{NOAA Fisheries}},
	date-added = {2020-02-05 10:40:24 -0800},
	date-modified = {2020-12-03 11:26:23 -0800},
	institution = {U.S. Department of Commerce, National Oceanic and Atmospheric Administration, National Marine Fisheries Service, West Coast Region},
	title = {2016 5-Year Review: Summary & Evaluation of {U}pper {C}olumbia {R}iver Steelhead and {U}pper {C}olumbia {R}iver Spring-run {C}hinook Salmon},
	url = {https://www.fisheries.noaa.gov/resource/document/2016-5-year-review-summary-evaluation-upper-columbia-river-steelhead-upper},
	urldate = {2/5/2020},
	year = {2016},
	Bdsk-File-1 = {YnBsaXN0MDDSAQIDBFxyZWxhdGl2ZVBhdGhZYWxpYXNEYXRhXxAlLi4vLi4vLi4vLi4vLi4vLi4vLlRyYXNoL05PQUEyMDE2LnBkZk8RATIAAAAAATIAAgAADE1hY2ludG9zaCBIRAAAAAAAAAAAAAAAAAAAAAAAAABCRAAB/////wxOT0FBMjAxNi5wZGYAAAAAAAAAAAAAAAAAAAAAAAAAAAAAAAAAAAAAAAAAAAAAAAAAAAAAAAAAAAAAAAAAAAD/////AAAAAAAAAAAAAAAAAAYAAgAACiBjdQAAAAAAAAAAAAAAAAAGLlRyYXNoAAIAIC86VXNlcnM6c2VlazouVHJhc2g6Tk9BQTIwMTYucGRmAA4AGgAMAE4ATwBBAEEAMgAwADEANgAuAHAAZABmAA8AGgAMAE0AYQBjAGkAbgB0AG8AcwBoACAASABEABIAHlVzZXJzL3NlZWsvLlRyYXNoL05PQUEyMDE2LnBkZgATAAEvAAAVAAIAC///AAAACAANABoAJABMAAAAAAAAAgEAAAAAAAAABQAAAAAAAAAAAAAAAAAAAYI=}}

@techreport{NOAA2016b,
	address = {Portland, Oregon, USA},
	author = {{NOAA Fisheries}},
	date-added = {2020-02-05 10:40:24 -0800},
	date-modified = {2020-12-03 11:26:31 -0800},
	institution = {U.S. Department of Commerce, National Oceanic and Atmospheric Administration, National Marine Fisheries Service, West Coast Region},
	title = {2016 5-Year Review: Summary & Evaluation of {S}nake {R}iver {S}ockeye, {S}nake {R}iver Spring-Summer {C}hinook, {S}nake {R}iver Fall-Run {C}hinook and {S}nake {R}iver Steelhead},
	url = {https://www.fisheries.noaa.gov/resource/document/2016-5-year-review-summary-evaluation-snake-river-sockeye-snake-river-spring},
	urldate = {2/5/2020},
	year = {2016},
	Bdsk-File-1 = {YnBsaXN0MDDSAQIDBFxyZWxhdGl2ZVBhdGhZYWxpYXNEYXRhXxBYLi4vLi4vLi4vLi4vLi4vLi4vT25lRHJpdmUgLSBNZXJjayBTaGFycCAmIERvaG1lLCBDb3JwL0JpYmxpb2dyYXBoeS9QYXBlcnMvTk9BQTIwMTZiLnBkZk8RAZwAAAAAAZwAAgAADE1hY2ludG9zaCBIRAAAAAAAAAAAAAAAAAAAAAAAAABCRAAB/////w1OT0FBMjAxNmIucGRmAAAAAAAAAAAAAAAAAAAAAAAAAAAAAAAAAAAAAAAAAAAAAAAAAAAAAAAAAAAAAAAAAAD/////AAAAAAAAAAAAAAAAAAYABAAACiBjdQAAAAAAAAAAAAAAAAAGUGFwZXJzAAIAUy86VXNlcnM6c2VlazpPbmVEcml2ZSAtIE1lcmNrIFNoYXJwICYgRG9obWUsIENvcnA6QmlibGlvZ3JhcGh5OlBhcGVyczpOT0FBMjAxNmIucGRmAAAOABwADQBOAE8AQQBBADIAMAAxADYAYgAuAHAAZABmAA8AGgAMAE0AYQBjAGkAbgB0AG8AcwBoACAASABEABIAUVVzZXJzL3NlZWsvT25lRHJpdmUgLSBNZXJjayBTaGFycCAmIERvaG1lLCBDb3JwL0JpYmxpb2dyYXBoeS9QYXBlcnMvTk9BQTIwMTZiLnBkZgAAEwABLwAAFQACAAv//wAAAAgADQAaACQAfwAAAAAAAAIBAAAAAAAAAAUAAAAAAAAAAAAAAAAAAAIf}}

@article{Dodrill2016,
	author = {Dodrill, Michael J and Yackulic, Charles B},
	date-added = {2020-02-04 17:15:45 -0800},
	date-modified = {2020-12-03 10:19:57 -0800},
	journal = {Environmental Biology of Fishes},
	number = {8-9},
	pages = {659--670},
	publisher = {Springer},
	title = {Nonlinear relationships can lead to bias in biomass calculations and drift-foraging models when using summaries of invertebrate drift data},
	volume = {99},
	year = {2016},
	Bdsk-File-1 = {YnBsaXN0MDDSAQIDBFxyZWxhdGl2ZVBhdGhZYWxpYXNEYXRhXxBaLi4vLi4vLi4vLi4vLi4vLi4vT25lRHJpdmUgLSBNZXJjayBTaGFycCAmIERvaG1lLCBDb3JwL0JpYmxpb2dyYXBoeS9QYXBlcnMvRG9kcmlsbDIwMTYucGRmTxEBpAAAAAABpAACAAAMTWFjaW50b3NoIEhEAAAAAAAAAAAAAAAAAAAAAAAAAEJEAAH/////D0RvZHJpbGwyMDE2LnBkZgAAAAAAAAAAAAAAAAAAAAAAAAAAAAAAAAAAAAAAAAAAAAAAAAAAAAAAAAAAAAAAAP////8AAAAAAAAAAAAAAAAABgAEAAAKIGN1AAAAAAAAAAAAAAAAAAZQYXBlcnMAAgBVLzpVc2VyczpzZWVrOk9uZURyaXZlIC0gTWVyY2sgU2hhcnAgJiBEb2htZSwgQ29ycDpCaWJsaW9ncmFwaHk6UGFwZXJzOkRvZHJpbGwyMDE2LnBkZgAADgAgAA8ARABvAGQAcgBpAGwAbAAyADAAMQA2AC4AcABkAGYADwAaAAwATQBhAGMAaQBuAHQAbwBzAGgAIABIAEQAEgBTVXNlcnMvc2Vlay9PbmVEcml2ZSAtIE1lcmNrIFNoYXJwICYgRG9obWUsIENvcnAvQmlibGlvZ3JhcGh5L1BhcGVycy9Eb2RyaWxsMjAxNi5wZGYAABMAAS8AABUAAgAL//8AAAAIAA0AGgAkAIEAAAAAAAACAQAAAAAAAAAFAAAAAAAAAAAAAAAAAAACKQ==}}

@article{Wall2016,
	author = {Wall, C Eric and Bouwes, Nicolaas and Wheaton, Joseph M and Saunders, W Carl and Bennett, Stephen N},
	date-added = {2020-02-04 17:03:36 -0800},
	date-modified = {2020-02-04 17:03:36 -0800},
	journal = {Canadian Journal of Fisheries and Aquatic Sciences},
	number = {7},
	pages = {1081--1091},
	publisher = {NRC Research Press},
	title = {Net rate of energy intake predicts reach-level steelhead (Oncorhynchus mykiss) densities in diverse basins from a large monitoring program},
	volume = {73},
	year = {2016},
	Bdsk-File-1 = {YnBsaXN0MDDSAQIDBFxyZWxhdGl2ZVBhdGhZYWxpYXNEYXRhXxBXLi4vLi4vLi4vLi4vLi4vLi4vT25lRHJpdmUgLSBNZXJjayBTaGFycCAmIERvaG1lLCBDb3JwL0JpYmxpb2dyYXBoeS9QYXBlcnMvV2FsbDIwMTYucGRmTxEBlgAAAAABlgACAAAMTWFjaW50b3NoIEhEAAAAAAAAAAAAAAAAAAAAAAAAAEJEAAH/////DFdhbGwyMDE2LnBkZgAAAAAAAAAAAAAAAAAAAAAAAAAAAAAAAAAAAAAAAAAAAAAAAAAAAAAAAAAAAAAAAAAAAP////8AAAAAAAAAAAAAAAAABgAEAAAKIGN1AAAAAAAAAAAAAAAAAAZQYXBlcnMAAgBSLzpVc2VyczpzZWVrOk9uZURyaXZlIC0gTWVyY2sgU2hhcnAgJiBEb2htZSwgQ29ycDpCaWJsaW9ncmFwaHk6UGFwZXJzOldhbGwyMDE2LnBkZgAOABoADABXAGEAbABsADIAMAAxADYALgBwAGQAZgAPABoADABNAGEAYwBpAG4AdABvAHMAaAAgAEgARAASAFBVc2Vycy9zZWVrL09uZURyaXZlIC0gTWVyY2sgU2hhcnAgJiBEb2htZSwgQ29ycC9CaWJsaW9ncmFwaHkvUGFwZXJzL1dhbGwyMDE2LnBkZgATAAEvAAAVAAIAC///AAAACAANABoAJAB+AAAAAAAAAgEAAAAAAAAABQAAAAAAAAAAAAAAAAAAAhg=}}

@article{Weinstein2018,
	author = {Weinstein, Ben G},
	date-added = {2020-01-27 15:07:08 -0800},
	date-modified = {2020-01-27 15:07:08 -0800},
	journal = {Journal of Animal Ecology},
	number = {3},
	pages = {533--545},
	publisher = {Wiley Online Library},
	title = {A computer vision for animal ecology},
	volume = {87},
	year = {2018},
	Bdsk-File-1 = {YnBsaXN0MDDSAQIDBFxyZWxhdGl2ZVBhdGhZYWxpYXNEYXRhXxBcLi4vLi4vLi4vLi4vLi4vLi4vT25lRHJpdmUgLSBNZXJjayBTaGFycCAmIERvaG1lLCBDb3JwL0JpYmxpb2dyYXBoeS9QYXBlcnMvV2VpbnN0ZWluMjAxOC5wZGZPEQGsAAAAAAGsAAIAAAxNYWNpbnRvc2ggSEQAAAAAAAAAAAAAAAAAAAAAAAAAQkQAAf////8RV2VpbnN0ZWluMjAxOC5wZGYAAAAAAAAAAAAAAAAAAAAAAAAAAAAAAAAAAAAAAAAAAAAAAAAAAAAAAAAAAAAA/////wAAAAAAAAAAAAAAAAAGAAQAAAogY3UAAAAAAAAAAAAAAAAABlBhcGVycwACAFcvOlVzZXJzOnNlZWs6T25lRHJpdmUgLSBNZXJjayBTaGFycCAmIERvaG1lLCBDb3JwOkJpYmxpb2dyYXBoeTpQYXBlcnM6V2VpbnN0ZWluMjAxOC5wZGYAAA4AJAARAFcAZQBpAG4AcwB0AGUAaQBuADIAMAAxADgALgBwAGQAZgAPABoADABNAGEAYwBpAG4AdABvAHMAaAAgAEgARAASAFVVc2Vycy9zZWVrL09uZURyaXZlIC0gTWVyY2sgU2hhcnAgJiBEb2htZSwgQ29ycC9CaWJsaW9ncmFwaHkvUGFwZXJzL1dlaW5zdGVpbjIwMTgucGRmAAATAAEvAAAVAAIAC///AAAACAANABoAJACDAAAAAAAAAgEAAAAAAAAABQAAAAAAAAAAAAAAAAAAAjM=}}

@manual{Rsoftware2019,
	address = {Vienna, Austria},
	author = {{R Core Team}},
	date-added = {2020-01-27 15:03:42 -0800},
	date-modified = {2020-01-27 15:03:55 -0800},
	organization = {R Foundation for Statistical Computing},
	title = {R: A Language and Environment for Statistical Computing},
	url = {https://www.R-project.org/},
	year = {2019},
	Bdsk-Url-1 = {https://www.R-project.org/}}

@article{Whitehead2014,
	author = {Whitehead, Ken and Hugenholtz, Chris H},
	date-added = {2020-01-27 15:00:58 -0800},
	date-modified = {2020-01-27 15:00:58 -0800},
	journal = {Journal of Unmanned Vehicle Systems},
	number = {3},
	pages = {69--85},
	publisher = {NRC Research Press},
	title = {Remote sensing of the environment with small unmanned aircraft systems (UASs), part 1: A review of progress and challenges},
	volume = {2},
	year = {2014},
	Bdsk-File-1 = {YnBsaXN0MDDSAQIDBFxyZWxhdGl2ZVBhdGhZYWxpYXNEYXRhXxBcLi4vLi4vLi4vLi4vLi4vLi4vT25lRHJpdmUgLSBNZXJjayBTaGFycCAmIERvaG1lLCBDb3JwL0JpYmxpb2dyYXBoeS9QYXBlcnMvV2hpdGVoZWFkMjAxNC5wZGZPEQGsAAAAAAGsAAIAAAxNYWNpbnRvc2ggSEQAAAAAAAAAAAAAAAAAAAAAAAAAQkQAAf////8RV2hpdGVoZWFkMjAxNC5wZGYAAAAAAAAAAAAAAAAAAAAAAAAAAAAAAAAAAAAAAAAAAAAAAAAAAAAAAAAAAAAA/////wAAAAAAAAAAAAAAAAAGAAQAAAogY3UAAAAAAAAAAAAAAAAABlBhcGVycwACAFcvOlVzZXJzOnNlZWs6T25lRHJpdmUgLSBNZXJjayBTaGFycCAmIERvaG1lLCBDb3JwOkJpYmxpb2dyYXBoeTpQYXBlcnM6V2hpdGVoZWFkMjAxNC5wZGYAAA4AJAARAFcAaABpAHQAZQBoAGUAYQBkADIAMAAxADQALgBwAGQAZgAPABoADABNAGEAYwBpAG4AdABvAHMAaAAgAEgARAASAFVVc2Vycy9zZWVrL09uZURyaXZlIC0gTWVyY2sgU2hhcnAgJiBEb2htZSwgQ29ycC9CaWJsaW9ncmFwaHkvUGFwZXJzL1doaXRlaGVhZDIwMTQucGRmAAATAAEvAAAVAAIAC///AAAACAANABoAJACDAAAAAAAAAgEAAAAAAAAABQAAAAAAAAAAAAAAAAAAAjM=}}

@techreport{Volk2017,
	address = {Portland, Oregon, USA},
	author = {Volk, Carol and Bouwes, Nick and Jordan, Chris and Wheaton, Joseph and Nelle, Pamela and Beasley, Chris and Walker, Sarah and Bouwes, Boyd and Nahorniak, Matt and Hill, Andy and Heitke, Jeremiah and Whitehead, Kelly and Bangen, Sara and Ward, Eric},
	date-added = {2020-01-27 15:00:46 -0800},
	date-modified = {2020-12-03 11:14:10 -0800},
	doi = {10.13140/RG.2.2.18184.72960},
	institution = {Bonneville Power Administration},
	month = {06},
	note = {Cite as: ISEMP/CHaMP. 2017. Integrated Status and Effectiveness Monitoring Program (ISEMP) and Columbia Habitat Monitoring Program (CHaMP) Annual Combined Technical Report, January -- December 2016, BPA Projects 2003-017-00 and 2011-006-00, 93 Electronic Pages.},
	number = {BPA Projects 2003-017-00 and 2011-006-00},
	title = {Integrated Status and Effectiveness Monitoring Program ({ISEMP}) and {C}olumbia Habitat Monitoring Program ({CHaMP})},
	type = {Annual Combined Technical Report},
	year = {2017},
	Bdsk-File-1 = {YnBsaXN0MDDSAQIDBFxyZWxhdGl2ZVBhdGhZYWxpYXNEYXRhXxBXLi4vLi4vLi4vLi4vLi4vLi4vT25lRHJpdmUgLSBNZXJjayBTaGFycCAmIERvaG1lLCBDb3JwL0JpYmxpb2dyYXBoeS9QYXBlcnMvVm9sazIwMTcucGRmTxEBlgAAAAABlgACAAAMTWFjaW50b3NoIEhEAAAAAAAAAAAAAAAAAAAAAAAAAEJEAAH/////DFZvbGsyMDE3LnBkZgAAAAAAAAAAAAAAAAAAAAAAAAAAAAAAAAAAAAAAAAAAAAAAAAAAAAAAAAAAAAAAAAAAAP////8AAAAAAAAAAAAAAAAABgAEAAAKIGN1AAAAAAAAAAAAAAAAAAZQYXBlcnMAAgBSLzpVc2VyczpzZWVrOk9uZURyaXZlIC0gTWVyY2sgU2hhcnAgJiBEb2htZSwgQ29ycDpCaWJsaW9ncmFwaHk6UGFwZXJzOlZvbGsyMDE3LnBkZgAOABoADABWAG8AbABrADIAMAAxADcALgBwAGQAZgAPABoADABNAGEAYwBpAG4AdABvAHMAaAAgAEgARAASAFBVc2Vycy9zZWVrL09uZURyaXZlIC0gTWVyY2sgU2hhcnAgJiBEb2htZSwgQ29ycC9CaWJsaW9ncmFwaHkvUGFwZXJzL1ZvbGsyMDE3LnBkZgATAAEvAAAVAAIAC///AAAACAANABoAJAB+AAAAAAAAAgEAAAAAAAAABQAAAAAAAAAAAAAAAAAAAhg=},
	Bdsk-Url-1 = {https://doi.org/10.13140/RG.2.2.18184.72960}}

@article{Terrell1996,
	abstract = {A wedge-shaped pattern of variation in stream fish standing stock estimates relative to a habitat variable, in which range of standing stocks increases as a function of the variable, is consistent with the concept that the habitat variable is a limiting factor for fish populations. This pattern of variation complicates interpretation of parameter estimates and significance of ordinary least-squares (OLS) regression models of conditional mean standing stock; slopes of these regression models may have little or no relation to slopes of models describing standing stock limits. We modeled standing stock limits by testing for homoscedastic error distributions, screening plots of coordinate pairs for evidence of a wedge-shaped pattern of data, and estimating 90th regression quantiles for simple linear models. Application of this technique to data sets supporting 35 previously published OLS regression models of stream fish standing stocks led to rejection of homoscedasticity (P < 0.10) in 13 of the 35 data sets. Eight of these heteroscedastic data sets had wedge-shaped patterns of variation in standing stock and slopes of 90th regression quantiles that differed from slopes of OLS regression models. For three of these eight data sets, tests rejecting homoscedasticity were more significant than tests rejecting zero slope parameters in OLS regression models. In a separate exercise, analysis of simulated standing stock data generated from known distributions indicated that our technique can detect heteroscedastic error distribution patterns and yield 90th regression quantile models of standing stock limits from data sets characterized by OLS regression as having no correlation between mean standing stock and a habitat variable. Identification of correlations between habitat variables and standing stock by OLS regression is a common method of determining whether a variable is to be used for habitat assessment. Application of our technique to data sets that display wedge-shaped patterns of variation should help identify variables that may be limiting standing stock from data sets that do not yield significant OLS regression models of mean standing stock.},
	author = {Terrell, James W and Cade, Brian S and Carpenter, Jeanette and Thompson, Jay M},
	date-added = {2020-01-27 15:00:38 -0800},
	date-modified = {2020-01-27 15:00:38 -0800},
	journal = {Transactions of the American Fisheries Society},
	number = {1},
	pages = {104--117},
	publisher = {Taylor \& Francis},
	title = {Modeling stream fish habitat limitations from wedge-shaped patterns of variation in standing stock},
	volume = {125},
	year = {1996},
	Bdsk-File-1 = {YnBsaXN0MDDSAQIDBFxyZWxhdGl2ZVBhdGhZYWxpYXNEYXRhXxBaLi4vLi4vLi4vLi4vLi4vLi4vT25lRHJpdmUgLSBNZXJjayBTaGFycCAmIERvaG1lLCBDb3JwL0JpYmxpb2dyYXBoeS9QYXBlcnMvVGVycmVsbDE5OTYucGRmTxEBpAAAAAABpAACAAAMTWFjaW50b3NoIEhEAAAAAAAAAAAAAAAAAAAAAAAAAEJEAAH/////D1RlcnJlbGwxOTk2LnBkZgAAAAAAAAAAAAAAAAAAAAAAAAAAAAAAAAAAAAAAAAAAAAAAAAAAAAAAAAAAAAAAAP////8AAAAAAAAAAAAAAAAABgAEAAAKIGN1AAAAAAAAAAAAAAAAAAZQYXBlcnMAAgBVLzpVc2VyczpzZWVrOk9uZURyaXZlIC0gTWVyY2sgU2hhcnAgJiBEb2htZSwgQ29ycDpCaWJsaW9ncmFwaHk6UGFwZXJzOlRlcnJlbGwxOTk2LnBkZgAADgAgAA8AVABlAHIAcgBlAGwAbAAxADkAOQA2AC4AcABkAGYADwAaAAwATQBhAGMAaQBuAHQAbwBzAGgAIABIAEQAEgBTVXNlcnMvc2Vlay9PbmVEcml2ZSAtIE1lcmNrIFNoYXJwICYgRG9obWUsIENvcnAvQmlibGlvZ3JhcGh5L1BhcGVycy9UZXJyZWxsMTk5Ni5wZGYAABMAAS8AABUAAgAL//8AAAAIAA0AGgAkAIEAAAAAAAACAQAAAAAAAAAFAAAAAAAAAAAAAAAAAAACKQ==}}

@article{Sweka2010,
	abstract = {Atlantic salmon Salmon salar are at critically low levels in Maine rivers and maintaining current populations depends heavily on the stocking of hatchery-produced fry. Fry survival varies greatly not only among rivers but also within rivers. Better understanding of this spatial variability is needed to improve population recovery efforts. Quantile regression was used to examine how parr density varies along stream gradients as a function of the upstream cumulative drainage. Regression quantiles (τ  =  0.15--0.90) had significant negative slopes indicating that, in general, as cumulative drainage area increased, parr density decreased. The τ  =  0.90 quantile model, which may be viewed as an upper limit to parr density for a given cumulative drainage area, was density  =  [10⁁(1.0679 − 0.0013 · km2)] − 1. Quantile regression models were then combined with river-specific habitat data in a Geographic Information System to predict total Atlantic salmon parr production in several rivers. This analysis will help managers determine the potential of a stream reach or entire river to support Atlantic salmon parr and to prioritize and increase the effectiveness of management activities such as fry stocking and habitat restoration.},
	author = {Sweka, John A and Mackey, Gregory},
	date-added = {2020-01-27 15:00:23 -0800},
	date-modified = {2020-12-03 10:45:59 -0800},
	journal = {Journal of Fish and Wildlife Management},
	number = {1},
	pages = {3--10},
	publisher = {US Fish and Wildlife Service},
	title = {A functional relationship between watershed size and {A}tlantic salmon parr density},
	volume = {1},
	year = {2010},
	Bdsk-File-1 = {YnBsaXN0MDDSAQIDBFxyZWxhdGl2ZVBhdGhZYWxpYXNEYXRhXxBYLi4vLi4vLi4vLi4vLi4vLi4vT25lRHJpdmUgLSBNZXJjayBTaGFycCAmIERvaG1lLCBDb3JwL0JpYmxpb2dyYXBoeS9QYXBlcnMvU3dla2EyMDEwLnBkZk8RAZwAAAAAAZwAAgAADE1hY2ludG9zaCBIRAAAAAAAAAAAAAAAAAAAAAAAAABCRAAB/////w1Td2VrYTIwMTAucGRmAAAAAAAAAAAAAAAAAAAAAAAAAAAAAAAAAAAAAAAAAAAAAAAAAAAAAAAAAAAAAAAAAAD/////AAAAAAAAAAAAAAAAAAYABAAACiBjdQAAAAAAAAAAAAAAAAAGUGFwZXJzAAIAUy86VXNlcnM6c2VlazpPbmVEcml2ZSAtIE1lcmNrIFNoYXJwICYgRG9obWUsIENvcnA6QmlibGlvZ3JhcGh5OlBhcGVyczpTd2VrYTIwMTAucGRmAAAOABwADQBTAHcAZQBrAGEAMgAwADEAMAAuAHAAZABmAA8AGgAMAE0AYQBjAGkAbgB0AG8AcwBoACAASABEABIAUVVzZXJzL3NlZWsvT25lRHJpdmUgLSBNZXJjayBTaGFycCAmIERvaG1lLCBDb3JwL0JpYmxpb2dyYXBoeS9QYXBlcnMvU3dla2EyMDEwLnBkZgAAEwABLwAAFQACAAv//wAAAAgADQAaACQAfwAAAAAAAAIBAAAAAAAAAAUAAAAAAAAAAAAAAAAAAAIf}}

@article{Stevens1999,
	author = {Stevens Jr, D.L. and Olsen, Anthony R},
	date-added = {2020-01-27 14:57:43 -0800},
	date-modified = {2020-12-03 10:44:50 -0800},
	journal = {Journal of Agricultural, Biological, and Environmental Statistics},
	number = {4},
	pages = {415--428},
	publisher = {JSTOR},
	title = {Spatially restricted surveys over time for aquatic resources},
	volume = {4},
	year = {1999}}

@article{Stevens2004,
	abstract = {The spatial distribution of a natural resource is an important consideration in designing an efficient survey or monitoring program for the resource. Generally, sample sites that are spatially balanced, that is, more or less evenly dispersed over the extent of the resource, are more efficient than simple random sampling. We review a unified strategy for selecting spatially balanced probability samples of natural resources. The technique is based on creating a function that maps two-dimensional space into one-dimensional space, thereby defining an ordered spatial address. We use a restricted randomization to randomly order the addresses, so that systematic sampling along the randomly ordered linear structure results in a spatially well-balanced random sample. Variable inclusion probability, proportional to an arbitrary positive ancillary variable, is easily accommodated. The basic technique selects points in a two-dimensional continuum, but is also applicable to sampling finite populations or one-dimensional continua embedded in two-dimensional space. An extension of the basic technique gives a way to order the sample points so that any set of consecutively numbered points is in itself a spatially well-balanced sample. This latter property is extremely useful in adjusting the sample for the frame imperfections common in environmental sampling.},
	author = {Stevens Jr, D.L. and Olsen, Anthony R},
	date-added = {2020-01-27 14:57:35 -0800},
	date-modified = {2020-01-27 14:58:57 -0800},
	doi = {DOI 10.1198/016214504000000250},
	isi = {000220638200025},
	isi-recid = {134121333},
	isi-ref-recids = {134121334 134121335 134121336 33001545 11482302 100556851 52640298 645080 85513430 86709517 96131977 8118736 100556853 95011408 6897420 134121337 82525430 2629881 100556854 75468670 2610757 112958512 13425276 64223376 95457078 52733541 84280390 742719 5290198 47962776 100556855 100556856 20511858 100556857 100556850 131087304 131087307 112958509 6366306 88952255 90680880 61962876 112958516 46104722 3284085},
	journal = {Journal of the American Statistical Association},
	keywords = {environmental sampling; imperfect sampling frame; monitoring; non-response; spatial sampling; survey design; systematic sampling; GRTS},
	month = mar,
	number = {465},
	pages = {262--278},
	publisher = {American Statistical Assoc.},
	times-cited = {92},
	title = {Spatially balanced sampling of natural resources},
	volume = {99},
	year = {2004},
	Bdsk-File-1 = {YnBsaXN0MDDSAQIDBFxyZWxhdGl2ZVBhdGhZYWxpYXNEYXRhXxBaLi4vLi4vLi4vLi4vLi4vLi4vT25lRHJpdmUgLSBNZXJjayBTaGFycCAmIERvaG1lLCBDb3JwL0JpYmxpb2dyYXBoeS9QYXBlcnMvU3RldmVuczIwMDQucGRmTxEBpAAAAAABpAACAAAMTWFjaW50b3NoIEhEAAAAAAAAAAAAAAAAAAAAAAAAAEJEAAH/////D1N0ZXZlbnMyMDA0LnBkZgAAAAAAAAAAAAAAAAAAAAAAAAAAAAAAAAAAAAAAAAAAAAAAAAAAAAAAAAAAAAAAAP////8AAAAAAAAAAAAAAAAABgAEAAAKIGN1AAAAAAAAAAAAAAAAAAZQYXBlcnMAAgBVLzpVc2VyczpzZWVrOk9uZURyaXZlIC0gTWVyY2sgU2hhcnAgJiBEb2htZSwgQ29ycDpCaWJsaW9ncmFwaHk6UGFwZXJzOlN0ZXZlbnMyMDA0LnBkZgAADgAgAA8AUwB0AGUAdgBlAG4AcwAyADAAMAA0AC4AcABkAGYADwAaAAwATQBhAGMAaQBuAHQAbwBzAGgAIABIAEQAEgBTVXNlcnMvc2Vlay9PbmVEcml2ZSAtIE1lcmNrIFNoYXJwICYgRG9obWUsIENvcnAvQmlibGlvZ3JhcGh5L1BhcGVycy9TdGV2ZW5zMjAwNC5wZGYAABMAAS8AABUAAgAL//8AAAAIAA0AGgAkAIEAAAAAAAACAQAAAAAAAAAFAAAAAAAAAAAAAAAAAAACKQ==},
	Bdsk-Url-1 = {http://gateway.isiknowledge.com/gateway/Gateway.cgi?GWVersion=2&SrcAuth=Alerting&SrcApp=Alerting&DestApp=WOS&DestLinkType=FullRecord;KeyUT=000220638200025},
	Bdsk-Url-2 = {https://doi.org/10.1198/016214504000000250}}

@article{Stekhoven2012,
	author = {Stekhoven, Daniel J and B{\"u}hlmann, Peter},
	date-added = {2020-01-27 14:56:38 -0800},
	date-modified = {2020-01-27 14:56:38 -0800},
	journal = {Bioinformatics},
	number = {1},
	pages = {112--118},
	publisher = {Oxford Univ Press},
	title = {MissForest---non-parametric missing value imputation for mixed-type data},
	volume = {28},
	year = {2012},
	Bdsk-File-1 = {YnBsaXN0MDDSAQIDBFxyZWxhdGl2ZVBhdGhZYWxpYXNEYXRhXxBcLi4vLi4vLi4vLi4vLi4vLi4vT25lRHJpdmUgLSBNZXJjayBTaGFycCAmIERvaG1lLCBDb3JwL0JpYmxpb2dyYXBoeS9QYXBlcnMvU3Rla2hvdmVuMjAxMi5wZGZPEQGsAAAAAAGsAAIAAAxNYWNpbnRvc2ggSEQAAAAAAAAAAAAAAAAAAAAAAAAAQkQAAf////8RU3Rla2hvdmVuMjAxMi5wZGYAAAAAAAAAAAAAAAAAAAAAAAAAAAAAAAAAAAAAAAAAAAAAAAAAAAAAAAAAAAAA/////wAAAAAAAAAAAAAAAAAGAAQAAAogY3UAAAAAAAAAAAAAAAAABlBhcGVycwACAFcvOlVzZXJzOnNlZWs6T25lRHJpdmUgLSBNZXJjayBTaGFycCAmIERvaG1lLCBDb3JwOkJpYmxpb2dyYXBoeTpQYXBlcnM6U3Rla2hvdmVuMjAxMi5wZGYAAA4AJAARAFMAdABlAGsAaABvAHYAZQBuADIAMAAxADIALgBwAGQAZgAPABoADABNAGEAYwBpAG4AdABvAHMAaAAgAEgARAASAFVVc2Vycy9zZWVrL09uZURyaXZlIC0gTWVyY2sgU2hhcnAgJiBEb2htZSwgQ29ycC9CaWJsaW9ncmFwaHkvUGFwZXJzL1N0ZWtob3ZlbjIwMTIucGRmAAATAAEvAAAVAAIAC///AAAACAANABoAJACDAAAAAAAAAgEAAAAAAAAABQAAAAAAAAAAAAAAAAAAAjM=}}

@article{Sharma2001,
	author = {Sharma, Rishi and Hilborn, Ray},
	date-added = {2020-01-27 14:56:26 -0800},
	date-modified = {2020-12-03 10:43:00 -0800},
	journal = {Canadian Journal of Fisheries and Aquatic Sciences},
	number = {7},
	pages = {1453--1463},
	publisher = {NRC Research Press},
	title = {Empirical relationships between watershed characteristics and coho salmon (\emph{{O}ncorhynchus kisutch}) smolt abundance in 14 western {W}ashington streams},
	volume = {58},
	year = {2001},
	Bdsk-File-1 = {YnBsaXN0MDDSAQIDBFxyZWxhdGl2ZVBhdGhZYWxpYXNEYXRhXxBZLi4vLi4vLi4vLi4vLi4vLi4vT25lRHJpdmUgLSBNZXJjayBTaGFycCAmIERvaG1lLCBDb3JwL0JpYmxpb2dyYXBoeS9QYXBlcnMvU2hhcm1hMjAwMS5wZGZPEQGeAAAAAAGeAAIAAAxNYWNpbnRvc2ggSEQAAAAAAAAAAAAAAAAAAAAAAAAAQkQAAf////8OU2hhcm1hMjAwMS5wZGYAAAAAAAAAAAAAAAAAAAAAAAAAAAAAAAAAAAAAAAAAAAAAAAAAAAAAAAAAAAAAAAAA/////wAAAAAAAAAAAAAAAAAGAAQAAAogY3UAAAAAAAAAAAAAAAAABlBhcGVycwACAFQvOlVzZXJzOnNlZWs6T25lRHJpdmUgLSBNZXJjayBTaGFycCAmIERvaG1lLCBDb3JwOkJpYmxpb2dyYXBoeTpQYXBlcnM6U2hhcm1hMjAwMS5wZGYADgAeAA4AUwBoAGEAcgBtAGEAMgAwADAAMQAuAHAAZABmAA8AGgAMAE0AYQBjAGkAbgB0AG8AcwBoACAASABEABIAUlVzZXJzL3NlZWsvT25lRHJpdmUgLSBNZXJjayBTaGFycCAmIERvaG1lLCBDb3JwL0JpYmxpb2dyYXBoeS9QYXBlcnMvU2hhcm1hMjAwMS5wZGYAEwABLwAAFQACAAv//wAAAAgADQAaACQAgAAAAAAAAAIBAAAAAAAAAAUAAAAAAAAAAAAAAAAAAAIi}}

@book{Seber2002,
	author = {Seber, G.A.F.},
	date-added = {2020-01-27 14:56:16 -0800},
	date-modified = {2020-12-03 10:42:20 -0800},
	publisher = {Blackburn Press Caldwell, New Jersey, USA},
	title = {The estimation of animal abundance and related parameters},
	year = {2002}}

@article{Robson1964,
	abstract = {The efficient planning of a Petersen-type mark and recapture experiment requires some knowledge of the order of magnitude of the population size N. Sample sizes M and C of the mark and recapture samples, respectively, may then be ascertained on the basis of a guessed value of N to achieve any desired degree of accuracy with any specified degree of confidence. Restrictions on the sample sizes M and C are that MC must exceed 4 times the guessed value of N, and the total costs of M and C must be equal. Graphs and formulas are given defining sample size to attain preassigned levels of accuracy and precision of population estimation. A method of choosing sample sizes such that experimental costs are minimized is described.},
	author = {Robson, DS and Regier, HA},
	date-added = {2020-01-27 14:55:42 -0800},
	date-modified = {2020-12-03 10:42:01 -0800},
	journal = {Transactions of the American Fisheries Society},
	number = {3},
	pages = {215--226},
	publisher = {Taylor \& Francis},
	title = {Sample size in {P}etersen mark--recapture experiments},
	volume = {93},
	year = {1964}}

@article{Reshef2011,
	abstract = {Identifying interesting relationships between pairs of variables in large data sets is increasingly important. Here, we present a measure of dependence for two-variable relationships: the maximal information coefficient (MIC). MIC captures a wide range of associations both functional and not, and for functional relationships provides a score that roughly equals the coefficient of determination (R2) of the data relative to the regression function. MIC belongs to a larger class of maximal information-based nonparametric exploration (MINE) statistics for identifying and classifying relationships. We apply MIC and MINE to data sets in global health, gene expression, major-league baseball, and the human gut microbiota and identify known and novel relationships.},
	author = {Reshef, David N and Reshef, Yakir A and Finucane, Hilary K and Grossman, Sharon R and McVean, Gilean and Turnbaugh, Peter J and Lander, Eric S and Mitzenmacher, Michael and Sabeti, Pardis C},
	date-added = {2020-01-27 14:55:24 -0800},
	date-modified = {2020-01-27 14:55:24 -0800},
	journal = {Science},
	number = {6062},
	pages = {1518--1524},
	publisher = {American Association for the Advancement of Science},
	title = {Detecting novel associations in large data sets},
	volume = {334},
	year = {2011},
	Bdsk-File-1 = {YnBsaXN0MDDSAQIDBFxyZWxhdGl2ZVBhdGhZYWxpYXNEYXRhXxBZLi4vLi4vLi4vLi4vLi4vLi4vT25lRHJpdmUgLSBNZXJjayBTaGFycCAmIERvaG1lLCBDb3JwL0JpYmxpb2dyYXBoeS9QYXBlcnMvUmVzaGVmMjAxMS5wZGZPEQGeAAAAAAGeAAIAAAxNYWNpbnRvc2ggSEQAAAAAAAAAAAAAAAAAAAAAAAAAQkQAAf////8OUmVzaGVmMjAxMS5wZGYAAAAAAAAAAAAAAAAAAAAAAAAAAAAAAAAAAAAAAAAAAAAAAAAAAAAAAAAAAAAAAAAA/////wAAAAAAAAAAAAAAAAAGAAQAAAogY3UAAAAAAAAAAAAAAAAABlBhcGVycwACAFQvOlVzZXJzOnNlZWs6T25lRHJpdmUgLSBNZXJjayBTaGFycCAmIERvaG1lLCBDb3JwOkJpYmxpb2dyYXBoeTpQYXBlcnM6UmVzaGVmMjAxMS5wZGYADgAeAA4AUgBlAHMAaABlAGYAMgAwADEAMQAuAHAAZABmAA8AGgAMAE0AYQBjAGkAbgB0AG8AcwBoACAASABEABIAUlVzZXJzL3NlZWsvT25lRHJpdmUgLSBNZXJjayBTaGFycCAmIERvaG1lLCBDb3JwL0JpYmxpb2dyYXBoeS9QYXBlcnMvUmVzaGVmMjAxMS5wZGYAEwABLwAAFQACAAv//wAAAAgADQAaACQAgAAAAAAAAAIBAAAAAAAAAAUAAAAAAAAAAAAAAAAAAAIi},
	Bdsk-File-2 = {YnBsaXN0MDDSAQIDBFxyZWxhdGl2ZVBhdGhZYWxpYXNEYXRhXxBaLi4vLi4vLi4vLi4vLi4vLi4vT25lRHJpdmUgLSBNZXJjayBTaGFycCAmIERvaG1lLCBDb3JwL0JpYmxpb2dyYXBoeS9QYXBlcnMvUmVzaGVmMjAxMTAucGRmTxEBpAAAAAABpAACAAAMTWFjaW50b3NoIEhEAAAAAAAAAAAAAAAAAAAAAAAAAEJEAAH/////D1Jlc2hlZjIwMTEwLnBkZgAAAAAAAAAAAAAAAAAAAAAAAAAAAAAAAAAAAAAAAAAAAAAAAAAAAAAAAAAAAAAAAP////8AAAAAAAAAAAAAAAAABgAEAAAKIGN1AAAAAAAAAAAAAAAAAAZQYXBlcnMAAgBVLzpVc2VyczpzZWVrOk9uZURyaXZlIC0gTWVyY2sgU2hhcnAgJiBEb2htZSwgQ29ycDpCaWJsaW9ncmFwaHk6UGFwZXJzOlJlc2hlZjIwMTEwLnBkZgAADgAgAA8AUgBlAHMAaABlAGYAMgAwADEAMQAwAC4AcABkAGYADwAaAAwATQBhAGMAaQBuAHQAbwBzAGgAIABIAEQAEgBTVXNlcnMvc2Vlay9PbmVEcml2ZSAtIE1lcmNrIFNoYXJwICYgRG9obWUsIENvcnAvQmlibGlvZ3JhcGh5L1BhcGVycy9SZXNoZWYyMDExMC5wZGYAABMAAS8AABUAAgAL//8AAAAIAA0AGgAkAIEAAAAAAAACAQAAAAAAAAAFAAAAAAAAAAAAAAAAAAACKQ==}}

@article{Prasad2006,
	abstract = {The task of modeling the distribution of a large number of tree species under future climate scenarios presents unique challenges. First, the model must be robust enough to handle climate data outside the current range without producing unacceptable instability in the output. In addition, the technique should have automatic search mechanisms built in to select the most appropriate values for input model parameters for each species so that minimal effort is required when these parameters are fine-tuned for individual tree species. We evaluated four statistical models-Regression Tree Analysis (RTA), Bagging Trees (BT), Random Forests (RF), and Multivariate Adaptive Regression Splines (MARS)-for predictive vegetation mapping under current and future climate scenarios according to the Canadian Climate Centre global circulation model. To test, we applied these techniques to four tree species common in the eastern United States: loblolly pine (Pinus taeda), sugar maple (Acer saccharum), American beech (Fagus grandifolia), and white oak (Quercus alba). When the four techniques were assessed with Kappa and fuzzy Kappa statistics, RF and BT were superior in reproducing current importance value (a measure of basal area in addition to abundance) distributions for the four tree species, as derived from approximately 100,000 USDA Forest Service's Forest Inventory and Analysis plots. Future estimates of suitable habitat after climate change were visually more reasonable with BT and RF, with slightly better performance by RF as assessed by Kappa statistics, correlation estimates, and spatial distribution of importance values. Although RTA did not perform as well as BT and RF, it provided interpretive models for species whose distributions were captured well by our current set of predictors. MARS was adequate for predicting current distributions but unacceptable for future climate. We consider RTA, BT, and RF modeling approaches, especially when used together to take advantage of their individual strengths, to be robust for predictive mapping and recommend their inclusion in the ecological toolbox.},
	address = {233 SPRING STREET, NEW YORK, NY 10013 USA},
	author = {Prasad, AM and Iverson, LR and Liaw, A},
	date-added = {2020-01-27 14:55:15 -0800},
	date-modified = {2020-01-27 14:55:15 -0800},
	doi = {DOI 10.1007/s10021-005-0054-1},
	isi = {000236424100003},
	isi-recid = {149502239},
	isi-ref-recids = {149502240 135840568 149502241 130996232 82362288 115647348 121151946 96837512 109800585 149502242 53594983 149502243 126615079 108870821 149502244 119120778 106208535 87079970 70848727 117444860 107842974 108193808 104800534 92842289 75543838 149502245 128851878 149502246 101675486 95531741 132221412 100454927 129499232 96302984 132857750 115549179 109079483 107566014 123210883 128453093 77954536 132221413 120924077 47058010 125780252 149502247 89628037 134168426 127164677 80586484 74568995 134577308 149502248 101659790 116190254 118360073 132694998 142014130 127992473 99364126 110262464 121969204 125807277 132695002 149502249 132221406 136454620 64193086},
	journal = {Ecosystems},
	keywords = {predictive mapping; data mining; classification and regression trees (CART); Regression Tree Analysis (RTA); decision tree; Multivariate Adaptive Regression Splines (MARS); Bagging Trees; Random Forests; Kappa; fuzzy Kappa; Canadian Climate Centre (CCC); global circulation model (GCM); eastern United States},
	month = mar,
	number = {2},
	pages = {181--199},
	publisher = {SPRINGER},
	times-cited = {141},
	title = {Newer classification and regression tree techniques: Bagging and random forests for ecological prediction},
	volume = {9},
	year = {2006},
	Bdsk-File-1 = {YnBsaXN0MDDSAQIDBFxyZWxhdGl2ZVBhdGhZYWxpYXNEYXRhXxBZLi4vLi4vLi4vLi4vLi4vLi4vT25lRHJpdmUgLSBNZXJjayBTaGFycCAmIERvaG1lLCBDb3JwL0JpYmxpb2dyYXBoeS9QYXBlcnMvUHJhc2FkMjAwNi5wZGZPEQGeAAAAAAGeAAIAAAxNYWNpbnRvc2ggSEQAAAAAAAAAAAAAAAAAAAAAAAAAQkQAAf////8OUHJhc2FkMjAwNi5wZGYAAAAAAAAAAAAAAAAAAAAAAAAAAAAAAAAAAAAAAAAAAAAAAAAAAAAAAAAAAAAAAAAA/////wAAAAAAAAAAAAAAAAAGAAQAAAogY3UAAAAAAAAAAAAAAAAABlBhcGVycwACAFQvOlVzZXJzOnNlZWs6T25lRHJpdmUgLSBNZXJjayBTaGFycCAmIERvaG1lLCBDb3JwOkJpYmxpb2dyYXBoeTpQYXBlcnM6UHJhc2FkMjAwNi5wZGYADgAeAA4AUAByAGEAcwBhAGQAMgAwADAANgAuAHAAZABmAA8AGgAMAE0AYQBjAGkAbgB0AG8AcwBoACAASABEABIAUlVzZXJzL3NlZWsvT25lRHJpdmUgLSBNZXJjayBTaGFycCAmIERvaG1lLCBDb3JwL0JpYmxpb2dyYXBoeS9QYXBlcnMvUHJhc2FkMjAwNi5wZGYAEwABLwAAFQACAAv//wAAAAgADQAaACQAgAAAAAAAAAIBAAAAAAAAAAUAAAAAAAAAAAAAAAAAAAIi},
	Bdsk-Url-1 = {http://gateway.isiknowledge.com/gateway/Gateway.cgi?GWVersion=2&SrcAuth=Alerting&SrcApp=Alerting&DestApp=WOS&DestLinkType=FullRecord;KeyUT=000236424100003},
	Bdsk-Url-2 = {https://doi.org/10.1007/s10021-005-0054-1}}

@article{Pittman2009,
	author = {Pittman, S.J. and Costa, B.M. and Battista, T.A.},
	date-added = {2020-01-27 14:54:55 -0800},
	date-modified = {2020-01-27 14:54:55 -0800},
	journal = {Journal of Coastal Research},
	pages = {27--38},
	publisher = {Coastal Education and Research Foundation},
	title = {Using lidar bathymetry and boosted regression trees to predict the diversity and abundance of fish and corals},
	volume = {53},
	year = {2009},
	Bdsk-File-1 = {YnBsaXN0MDDSAQIDBFxyZWxhdGl2ZVBhdGhZYWxpYXNEYXRhXxBaLi4vLi4vLi4vLi4vLi4vLi4vT25lRHJpdmUgLSBNZXJjayBTaGFycCAmIERvaG1lLCBDb3JwL0JpYmxpb2dyYXBoeS9QYXBlcnMvUGl0dG1hbjIwMDkucGRmTxEBpAAAAAABpAACAAAMTWFjaW50b3NoIEhEAAAAAAAAAAAAAAAAAAAAAAAAAEJEAAH/////D1BpdHRtYW4yMDA5LnBkZgAAAAAAAAAAAAAAAAAAAAAAAAAAAAAAAAAAAAAAAAAAAAAAAAAAAAAAAAAAAAAAAP////8AAAAAAAAAAAAAAAAABgAEAAAKIGN1AAAAAAAAAAAAAAAAAAZQYXBlcnMAAgBVLzpVc2VyczpzZWVrOk9uZURyaXZlIC0gTWVyY2sgU2hhcnAgJiBEb2htZSwgQ29ycDpCaWJsaW9ncmFwaHk6UGFwZXJzOlBpdHRtYW4yMDA5LnBkZgAADgAgAA8AUABpAHQAdABtAGEAbgAyADAAMAA5AC4AcABkAGYADwAaAAwATQBhAGMAaQBuAHQAbwBzAGgAIABIAEQAEgBTVXNlcnMvc2Vlay9PbmVEcml2ZSAtIE1lcmNrIFNoYXJwICYgRG9obWUsIENvcnAvQmlibGlvZ3JhcGh5L1BhcGVycy9QaXR0bWFuMjAwOS5wZGYAABMAAS8AABUAAgAL//8AAAAIAA0AGgAkAIEAAAAAAAACAQAAAAAAAAAFAAAAAAAAAAAAAAAAAAACKQ==}}

@article{Pess2002,
	abstract = {We used temporally consistent patterns in the spatial distribution of returning adult coho salmon (Oncorhynchus kisutch) to explore relationships between salmon abundance, landscape characteristics, and land use patterns in the Snohomish River watershed, Wash. The proportion of total adult coho salmon abundance supported by a specific stream reach was consistent among years, even though interannual adult coho salmon abundance varied substantially. Wetland occurrence, local geology, stream gradient, and land use were significantly correlated with adult coho salmon abundance. Median adult coho salmon densities in forest-dominated areas were 1.5--3.5 times the densities in rural, urban, and agricultural areas. Relationships between these habitat characteristics and adult coho salmon abundance were consistent over time. Spatially explicit statistical models that included these habitat variables explained almost half of the variation in the annual distribution of adult coho salmon. Our analysis indicates that such models can be used to identify and prioritize freshwater areas for protection and restoration},
	author = {Pess, George R and Montgomery, David R and Steel, E Ashley and Bilby, Robert E and Feist, Blake E and Greenberg, Harvey M},
	date-added = {2020-01-27 14:54:46 -0800},
	date-modified = {2020-12-03 10:38:35 -0800},
	journal = {Canadian Journal of Fisheries and Aquatic Sciences},
	number = {4},
	pages = {613--623},
	publisher = {NRC Research Press},
	title = {Landscape characteristics, land use, and coho salmon (\emph{{O}ncorhynchus kisutch}) abundance, {S}nohomish {R}iver, {W}ashington, {USA}},
	volume = {59},
	year = {2002},
	Bdsk-File-1 = {YnBsaXN0MDDSAQIDBFxyZWxhdGl2ZVBhdGhZYWxpYXNEYXRhXxBXLi4vLi4vLi4vLi4vLi4vLi4vT25lRHJpdmUgLSBNZXJjayBTaGFycCAmIERvaG1lLCBDb3JwL0JpYmxpb2dyYXBoeS9QYXBlcnMvUGVzczIwMDIucGRmTxEBlgAAAAABlgACAAAMTWFjaW50b3NoIEhEAAAAAAAAAAAAAAAAAAAAAAAAAEJEAAH/////DFBlc3MyMDAyLnBkZgAAAAAAAAAAAAAAAAAAAAAAAAAAAAAAAAAAAAAAAAAAAAAAAAAAAAAAAAAAAAAAAAAAAP////8AAAAAAAAAAAAAAAAABgAEAAAKIGN1AAAAAAAAAAAAAAAAAAZQYXBlcnMAAgBSLzpVc2VyczpzZWVrOk9uZURyaXZlIC0gTWVyY2sgU2hhcnAgJiBEb2htZSwgQ29ycDpCaWJsaW9ncmFwaHk6UGFwZXJzOlBlc3MyMDAyLnBkZgAOABoADABQAGUAcwBzADIAMAAwADIALgBwAGQAZgAPABoADABNAGEAYwBpAG4AdABvAHMAaAAgAEgARAASAFBVc2Vycy9zZWVrL09uZURyaXZlIC0gTWVyY2sgU2hhcnAgJiBEb2htZSwgQ29ycC9CaWJsaW9ncmFwaHkvUGFwZXJzL1Blc3MyMDAyLnBkZgATAAEvAAAVAAIAC///AAAACAANABoAJAB+AAAAAAAAAgEAAAAAAAAABQAAAAAAAAAAAAAAAAAAAhg=}}

@article{Nickelson1992,
	abstract = {Habitat use by juvenile coho salmon (Oncorhynchus kisutch) during spring, summer, and winter was examined in Oregon coastal streams. Coho salmon fry were most abundant in backwater pools during spring. During summer, juvenile coho salmon were more abundant in pools of all types than they were in glides or riffles. During winter, juvenile coho salmon were most abundant in alcoves and beaver ponds. Because of the apparent strong preference for alcove and beaver pond habitat during winter and the rarity of that habitat in coastal streams, we concluded that if spawning escapement is adequate, the production of wild coho salmon smolts in most coho salmon spawning streams on the Oregon Coast is probably limited by the availability of adequate winter habitat.},
	author = {Nickelson, Thomas E and Rodgers, Jeffrey D and Johnson, Steven L and Solazzi, Mario F},
	date-added = {2020-01-27 14:54:28 -0800},
	date-modified = {2020-12-03 10:33:34 -0800},
	journal = {Canadian Journal of Fisheries and Aquatic Sciences},
	number = {4},
	pages = {783--789},
	publisher = {NRC Research Press},
	title = {Seasonal changes in habitat use by juvenile coho salmon (\emph{{O}ncorhynchus kisutch}) in {O}regon coastal streams},
	volume = {49},
	year = {1992},
	Bdsk-File-1 = {YnBsaXN0MDDSAQIDBFxyZWxhdGl2ZVBhdGhZYWxpYXNEYXRhXxBcLi4vLi4vLi4vLi4vLi4vLi4vT25lRHJpdmUgLSBNZXJjayBTaGFycCAmIERvaG1lLCBDb3JwL0JpYmxpb2dyYXBoeS9QYXBlcnMvTmlja2Vsc29uMTk5Mi5wZGZPEQGsAAAAAAGsAAIAAAxNYWNpbnRvc2ggSEQAAAAAAAAAAAAAAAAAAAAAAAAAQkQAAf////8RTmlja2Vsc29uMTk5Mi5wZGYAAAAAAAAAAAAAAAAAAAAAAAAAAAAAAAAAAAAAAAAAAAAAAAAAAAAAAAAAAAAA/////wAAAAAAAAAAAAAAAAAGAAQAAAogY3UAAAAAAAAAAAAAAAAABlBhcGVycwACAFcvOlVzZXJzOnNlZWs6T25lRHJpdmUgLSBNZXJjayBTaGFycCAmIERvaG1lLCBDb3JwOkJpYmxpb2dyYXBoeTpQYXBlcnM6Tmlja2Vsc29uMTk5Mi5wZGYAAA4AJAARAE4AaQBjAGsAZQBsAHMAbwBuADEAOQA5ADIALgBwAGQAZgAPABoADABNAGEAYwBpAG4AdABvAHMAaAAgAEgARAASAFVVc2Vycy9zZWVrL09uZURyaXZlIC0gTWVyY2sgU2hhcnAgJiBEb2htZSwgQ29ycC9CaWJsaW9ncmFwaHkvUGFwZXJzL05pY2tlbHNvbjE5OTIucGRmAAATAAEvAAAVAAIAC///AAAACAANABoAJACDAAAAAAAAAgEAAAAAAAAABQAAAAAAAAAAAAAAAAAAAjM=}}

@article{Mossop2006,
	author = {Mossop, Brent and Bradford, Michael J},
	date-added = {2020-01-27 14:54:15 -0800},
	date-modified = {2020-12-03 10:31:35 -0800},
	journal = {Canadian Journal of Fisheries and Aquatic Sciences},
	number = {7},
	pages = {1515--1525},
	publisher = {NRC Research Press},
	title = {Using thalweg profiling to assess and monitor juvenile salmon (\emph{{O}ncorhynchus} spp.) habitat in small streams},
	volume = {63},
	year = {2006},
	Bdsk-File-1 = {YnBsaXN0MDDSAQIDBFxyZWxhdGl2ZVBhdGhZYWxpYXNEYXRhXxBZLi4vLi4vLi4vLi4vLi4vLi4vT25lRHJpdmUgLSBNZXJjayBTaGFycCAmIERvaG1lLCBDb3JwL0JpYmxpb2dyYXBoeS9QYXBlcnMvTW9zc29wMjAwNi5wZGZPEQGeAAAAAAGeAAIAAAxNYWNpbnRvc2ggSEQAAAAAAAAAAAAAAAAAAAAAAAAAQkQAAf////8OTW9zc29wMjAwNi5wZGYAAAAAAAAAAAAAAAAAAAAAAAAAAAAAAAAAAAAAAAAAAAAAAAAAAAAAAAAAAAAAAAAA/////wAAAAAAAAAAAAAAAAAGAAQAAAogY3UAAAAAAAAAAAAAAAAABlBhcGVycwACAFQvOlVzZXJzOnNlZWs6T25lRHJpdmUgLSBNZXJjayBTaGFycCAmIERvaG1lLCBDb3JwOkJpYmxpb2dyYXBoeTpQYXBlcnM6TW9zc29wMjAwNi5wZGYADgAeAA4ATQBvAHMAcwBvAHAAMgAwADAANgAuAHAAZABmAA8AGgAMAE0AYQBjAGkAbgB0AG8AcwBoACAASABEABIAUlVzZXJzL3NlZWsvT25lRHJpdmUgLSBNZXJjayBTaGFycCAmIERvaG1lLCBDb3JwL0JpYmxpb2dyYXBoeS9QYXBlcnMvTW9zc29wMjAwNi5wZGYAEwABLwAAFQACAAv//wAAAAgADQAaACQAgAAAAAAAAAIBAAAAAAAAAAUAAAAAAAAAAAAAAAAAAAIi}}

@article{Meinshausen2006,
	abstract = {Random forests were introduced as a machine learning tool in Breiman (2001) and have since proven to be very popular and powerful for high-dimensional regression and classification. For regression, random forests give an accurate approximation of the conditional mean of a response variable. It is shown here that random forests provide information about the full conditional distribution of the response variable, not only about the conditional mean. Conditional quantiles can be inferred with quantile regression forests, a generalisation of random forests. Quantile regression forests give a non-parametric and accurate way of estimating conditional quantiles for high-dimensional predictor variables. The algorithm is shown to be consistent. Numerical examples suggest that the algorithm is competitive in terms of predictive power.},
	address = {31 GIBBS STREET, BROOKLINE, MA 02446 USA},
	author = {Meinshausen, N.},
	date-added = {2020-01-27 14:54:03 -0800},
	date-modified = {2020-01-27 14:54:03 -0800},
	isi = {000245388400004},
	isi-recid = {155239897},
	isi-ref-recids = {145059377 102145400 103945108 53594983 56736490 121151946 155239898 127147302 116875000 155239899 136824048 23765393 98643099 148486306 90045360 155239900 132221413 149754964 131941820 103599392 109253154 149423855 146969812},
	journal = {Journal of Machine Learning Research},
	keywords = {quantile regression; random forests; adaptive neighborhood regression},
	month = jun,
	pages = {983--999},
	publisher = {MICROTOME PUBLISHING},
	times-cited = {16},
	title = {Quantile regression forests},
	volume = {7},
	year = {2006},
	Bdsk-File-1 = {YnBsaXN0MDDSAQIDBFxyZWxhdGl2ZVBhdGhZYWxpYXNEYXRhXxBeLi4vLi4vLi4vLi4vLi4vLi4vT25lRHJpdmUgLSBNZXJjayBTaGFycCAmIERvaG1lLCBDb3JwL0JpYmxpb2dyYXBoeS9QYXBlcnMvTWVpbnNoYXVzZW4yMDA2LnBkZk8RAbQAAAAAAbQAAgAADE1hY2ludG9zaCBIRAAAAAAAAAAAAAAAAAAAAAAAAABCRAAB/////xNNZWluc2hhdXNlbjIwMDYucGRmAAAAAAAAAAAAAAAAAAAAAAAAAAAAAAAAAAAAAAAAAAAAAAAAAAAAAAAAAAD/////AAAAAAAAAAAAAAAAAAYABAAACiBjdQAAAAAAAAAAAAAAAAAGUGFwZXJzAAIAWS86VXNlcnM6c2VlazpPbmVEcml2ZSAtIE1lcmNrIFNoYXJwICYgRG9obWUsIENvcnA6QmlibGlvZ3JhcGh5OlBhcGVyczpNZWluc2hhdXNlbjIwMDYucGRmAAAOACgAEwBNAGUAaQBuAHMAaABhAHUAcwBlAG4AMgAwADAANgAuAHAAZABmAA8AGgAMAE0AYQBjAGkAbgB0AG8AcwBoACAASABEABIAV1VzZXJzL3NlZWsvT25lRHJpdmUgLSBNZXJjayBTaGFycCAmIERvaG1lLCBDb3JwL0JpYmxpb2dyYXBoeS9QYXBlcnMvTWVpbnNoYXVzZW4yMDA2LnBkZgAAEwABLwAAFQACAAv//wAAAAgADQAaACQAhQAAAAAAAAIBAAAAAAAAAAUAAAAAAAAAAAAAAAAAAAI9},
	Bdsk-Url-1 = {http://gateway.isiknowledge.com/gateway/Gateway.cgi?GWVersion=2&SrcAuth=Alerting&SrcApp=Alerting&DestApp=WOS&DestLinkType=FullRecord;KeyUT=000245388400004}}

@article{LeCun2015,
	author = {Le{C}un, Yann and Bengio, Yoshua and Hinton, Geoffrey},
	date-added = {2020-01-27 14:53:41 -0800},
	date-modified = {2020-01-27 14:53:41 -0800},
	journal = {Nature},
	number = {7553},
	pages = {436--444},
	publisher = {Nature Publishing Group},
	title = {Deep learning},
	volume = {521},
	year = {2015},
	Bdsk-File-1 = {YnBsaXN0MDDSAQIDBFxyZWxhdGl2ZVBhdGhZYWxpYXNEYXRhXxBYLi4vLi4vLi4vLi4vLi4vLi4vT25lRHJpdmUgLSBNZXJjayBTaGFycCAmIERvaG1lLCBDb3JwL0JpYmxpb2dyYXBoeS9QYXBlcnMvTGVDdW4yMDE1LnBkZk8RAZwAAAAAAZwAAgAADE1hY2ludG9zaCBIRAAAAAAAAAAAAAAAAAAAAAAAAABCRAAB/////w1MZUN1bjIwMTUucGRmAAAAAAAAAAAAAAAAAAAAAAAAAAAAAAAAAAAAAAAAAAAAAAAAAAAAAAAAAAAAAAAAAAD/////AAAAAAAAAAAAAAAAAAYABAAACiBjdQAAAAAAAAAAAAAAAAAGUGFwZXJzAAIAUy86VXNlcnM6c2VlazpPbmVEcml2ZSAtIE1lcmNrIFNoYXJwICYgRG9obWUsIENvcnA6QmlibGlvZ3JhcGh5OlBhcGVyczpMZUN1bjIwMTUucGRmAAAOABwADQBMAGUAQwB1AG4AMgAwADEANQAuAHAAZABmAA8AGgAMAE0AYQBjAGkAbgB0AG8AcwBoACAASABEABIAUVVzZXJzL3NlZWsvT25lRHJpdmUgLSBNZXJjayBTaGFycCAmIERvaG1lLCBDb3JwL0JpYmxpb2dyYXBoeS9QYXBlcnMvTGVDdW4yMDE1LnBkZgAAEwABLwAAFQACAAv//wAAAAgADQAaACQAfwAAAAAAAAIBAAAAAAAAAAUAAAAAAAAAAAAAAAAAAAIf}}

@article{Koenker1978,
	author = {Koenker, Roger and Bassett Jr., Gilbert},
	date-added = {2020-01-27 14:53:24 -0800},
	date-modified = {2020-12-03 10:24:03 -0800},
	journal = {Econometrica: Journal of the Econometric Society},
	number = {1},
	pages = {33--50},
	publisher = {JSTOR},
	title = {Regression quantiles},
	volume = {46},
	year = {1978},
	Bdsk-File-1 = {YnBsaXN0MDDSAQIDBFxyZWxhdGl2ZVBhdGhZYWxpYXNEYXRhXxBaLi4vLi4vLi4vLi4vLi4vLi4vT25lRHJpdmUgLSBNZXJjayBTaGFycCAmIERvaG1lLCBDb3JwL0JpYmxpb2dyYXBoeS9QYXBlcnMvS29lbmtlcjE5NzgucGRmTxEBpAAAAAABpAACAAAMTWFjaW50b3NoIEhEAAAAAAAAAAAAAAAAAAAAAAAAAEJEAAH/////D0tvZW5rZXIxOTc4LnBkZgAAAAAAAAAAAAAAAAAAAAAAAAAAAAAAAAAAAAAAAAAAAAAAAAAAAAAAAAAAAAAAAP////8AAAAAAAAAAAAAAAAABgAEAAAKIGN1AAAAAAAAAAAAAAAAAAZQYXBlcnMAAgBVLzpVc2VyczpzZWVrOk9uZURyaXZlIC0gTWVyY2sgU2hhcnAgJiBEb2htZSwgQ29ycDpCaWJsaW9ncmFwaHk6UGFwZXJzOktvZW5rZXIxOTc4LnBkZgAADgAgAA8ASwBvAGUAbgBrAGUAcgAxADkANwA4AC4AcABkAGYADwAaAAwATQBhAGMAaQBuAHQAbwBzAGgAIABIAEQAEgBTVXNlcnMvc2Vlay9PbmVEcml2ZSAtIE1lcmNrIFNoYXJwICYgRG9obWUsIENvcnAvQmlibGlvZ3JhcGh5L1BhcGVycy9Lb2Vua2VyMTk3OC5wZGYAABMAAS8AABUAAgAL//8AAAAIAA0AGgAkAIEAAAAAAAACAQAAAAAAAAAFAAAAAAAAAAAAAAAAAAACKQ==}}

@article{Knudby2010,
	author = {Knudby, A. and Brenning, A. and LeDrew, E.},
	date-added = {2020-01-27 14:53:11 -0800},
	date-modified = {2020-01-27 14:53:11 -0800},
	journal = {Ecological Modelling},
	number = {3},
	pages = {503--511},
	publisher = {Elsevier},
	title = {New approaches to modelling fish-habitat relationships},
	volume = {221},
	year = {2010},
	Bdsk-File-1 = {YnBsaXN0MDDSAQIDBFxyZWxhdGl2ZVBhdGhZYWxpYXNEYXRhXxBZLi4vLi4vLi4vLi4vLi4vLi4vT25lRHJpdmUgLSBNZXJjayBTaGFycCAmIERvaG1lLCBDb3JwL0JpYmxpb2dyYXBoeS9QYXBlcnMvS251ZGJ5MjAxMC5wZGZPEQGeAAAAAAGeAAIAAAxNYWNpbnRvc2ggSEQAAAAAAAAAAAAAAAAAAAAAAAAAQkQAAf////8OS251ZGJ5MjAxMC5wZGYAAAAAAAAAAAAAAAAAAAAAAAAAAAAAAAAAAAAAAAAAAAAAAAAAAAAAAAAAAAAAAAAA/////wAAAAAAAAAAAAAAAAAGAAQAAAogY3UAAAAAAAAAAAAAAAAABlBhcGVycwACAFQvOlVzZXJzOnNlZWs6T25lRHJpdmUgLSBNZXJjayBTaGFycCAmIERvaG1lLCBDb3JwOkJpYmxpb2dyYXBoeTpQYXBlcnM6S251ZGJ5MjAxMC5wZGYADgAeAA4ASwBuAHUAZABiAHkAMgAwADEAMAAuAHAAZABmAA8AGgAMAE0AYQBjAGkAbgB0AG8AcwBoACAASABEABIAUlVzZXJzL3NlZWsvT25lRHJpdmUgLSBNZXJjayBTaGFycCAmIERvaG1lLCBDb3JwL0JpYmxpb2dyYXBoeS9QYXBlcnMvS251ZGJ5MjAxMC5wZGYAEwABLwAAFQACAAv//wAAAAgADQAaACQAgAAAAAAAAAIBAAAAAAAAAAUAAAAAAAAAAAAAAAAAAAIi}}

@article{Jones2006,
	author = {Jones IV, George Pierce and Pearlstine, Leonard G and Percival, H Franklin},
	date-added = {2020-01-27 14:53:02 -0800},
	date-modified = {2020-12-03 10:23:26 -0800},
	journal = {Wildlife Society Bulletin},
	number = {3},
	pages = {750--758},
	publisher = {Wiley Online Library},
	title = {An assessment of small unmanned aerial vehicles for wildlife research},
	volume = {34},
	year = {2006},
	Bdsk-File-1 = {YnBsaXN0MDDSAQIDBFxyZWxhdGl2ZVBhdGhZYWxpYXNEYXRhXxBYLi4vLi4vLi4vLi4vLi4vLi4vT25lRHJpdmUgLSBNZXJjayBTaGFycCAmIERvaG1lLCBDb3JwL0JpYmxpb2dyYXBoeS9QYXBlcnMvSm9uZXMyMDA2LnBkZk8RAZwAAAAAAZwAAgAADE1hY2ludG9zaCBIRAAAAAAAAAAAAAAAAAAAAAAAAABCRAAB/////w1Kb25lczIwMDYucGRmAAAAAAAAAAAAAAAAAAAAAAAAAAAAAAAAAAAAAAAAAAAAAAAAAAAAAAAAAAAAAAAAAAD/////AAAAAAAAAAAAAAAAAAYABAAACiBjdQAAAAAAAAAAAAAAAAAGUGFwZXJzAAIAUy86VXNlcnM6c2VlazpPbmVEcml2ZSAtIE1lcmNrIFNoYXJwICYgRG9obWUsIENvcnA6QmlibGlvZ3JhcGh5OlBhcGVyczpKb25lczIwMDYucGRmAAAOABwADQBKAG8AbgBlAHMAMgAwADAANgAuAHAAZABmAA8AGgAMAE0AYQBjAGkAbgB0AG8AcwBoACAASABEABIAUVVzZXJzL3NlZWsvT25lRHJpdmUgLSBNZXJjayBTaGFycCAmIERvaG1lLCBDb3JwL0JpYmxpb2dyYXBoeS9QYXBlcnMvSm9uZXMyMDA2LnBkZgAAEwABLwAAFQACAAv//wAAAAgADQAaACQAfwAAAAAAAAIBAAAAAAAAAAUAAAAAAAAAAAAAAAAAAAIf}}

@article{Hedger2013,
	abstract = {Estimates of fish abundance from electrofishing surveys depend on accurate estimation of capture probability. We examine in this paper how estimates of capture probability and abundance of Atlantic salmon from multi-pass removal sampling can be improved by comparing the results of an experimental programme of closed electrofishing sites within selected rivers in west-central Norway, and those obtained from open electrofishing sites established for monitoring long-term juvenile Atlantic salmon population abundance within the Burrishoole catchment, western Ireland. We first establish that the Carle & Strub method provides a more robust estimate of population abundance than the Zippin and Seber methods. We then show how prior information on capture probability may be used to improve the accuracy of the abundance estimate in open sites. We also show that the use of prior information with single-pass electrofishing may improve the accuracy of the abundance estimate so that it is comparable with that of multi-pass electrofishing in terms of stock prediction while requiring less sampling effort.},
	author = {Hedger, Richard D and De Eyto, Elvira and Dillane, Mary and Diserud, Ola H and Hindar, Kjetil and McGinnity, Philip and Poole, Russell and Rogan, Ger},
	date-added = {2020-01-27 14:52:54 -0800},
	date-modified = {2020-01-27 14:52:54 -0800},
	journal = {Fisheries Research},
	pages = {104--115},
	publisher = {Elsevier},
	title = {Improving abundance estimates from electrofishing removal sampling},
	volume = {137},
	year = {2013},
	Bdsk-File-1 = {YnBsaXN0MDDSAQIDBFxyZWxhdGl2ZVBhdGhZYWxpYXNEYXRhXxBZLi4vLi4vLi4vLi4vLi4vLi4vT25lRHJpdmUgLSBNZXJjayBTaGFycCAmIERvaG1lLCBDb3JwL0JpYmxpb2dyYXBoeS9QYXBlcnMvSGVkZ2VyMjAxMy5wZGZPEQGeAAAAAAGeAAIAAAxNYWNpbnRvc2ggSEQAAAAAAAAAAAAAAAAAAAAAAAAAQkQAAf////8OSGVkZ2VyMjAxMy5wZGYAAAAAAAAAAAAAAAAAAAAAAAAAAAAAAAAAAAAAAAAAAAAAAAAAAAAAAAAAAAAAAAAA/////wAAAAAAAAAAAAAAAAAGAAQAAAogY3UAAAAAAAAAAAAAAAAABlBhcGVycwACAFQvOlVzZXJzOnNlZWs6T25lRHJpdmUgLSBNZXJjayBTaGFycCAmIERvaG1lLCBDb3JwOkJpYmxpb2dyYXBoeTpQYXBlcnM6SGVkZ2VyMjAxMy5wZGYADgAeAA4ASABlAGQAZwBlAHIAMgAwADEAMwAuAHAAZABmAA8AGgAMAE0AYQBjAGkAbgB0AG8AcwBoACAASABEABIAUlVzZXJzL3NlZWsvT25lRHJpdmUgLSBNZXJjayBTaGFycCAmIERvaG1lLCBDb3JwL0JpYmxpb2dyYXBoeS9QYXBlcnMvSGVkZ2VyMjAxMy5wZGYAEwABLwAAFQACAAv//wAAAAgADQAaACQAgAAAAAAAAAIBAAAAAAAAAAUAAAAAAAAAAAAAAAAAAAIi}}

@article{Good2005,
	author = {Good, Thomas P and Waples, Robin S and Adams, Peter Burton},
	date-added = {2020-01-27 14:52:38 -0800},
	date-modified = {2020-01-27 14:52:38 -0800},
	title = {Updated status of federally listed {ESU}s of West Coast salmon and steelhead},
	year = {2005},
	Bdsk-File-1 = {YnBsaXN0MDDSAQIDBFxyZWxhdGl2ZVBhdGhZYWxpYXNEYXRhXxBXLi4vLi4vLi4vLi4vLi4vLi4vT25lRHJpdmUgLSBNZXJjayBTaGFycCAmIERvaG1lLCBDb3JwL0JpYmxpb2dyYXBoeS9QYXBlcnMvR29vZDIwMDUucGRmTxEBlgAAAAABlgACAAAMTWFjaW50b3NoIEhEAAAAAAAAAAAAAAAAAAAAAAAAAEJEAAH/////DEdvb2QyMDA1LnBkZgAAAAAAAAAAAAAAAAAAAAAAAAAAAAAAAAAAAAAAAAAAAAAAAAAAAAAAAAAAAAAAAAAAAP////8AAAAAAAAAAAAAAAAABgAEAAAKIGN1AAAAAAAAAAAAAAAAAAZQYXBlcnMAAgBSLzpVc2VyczpzZWVrOk9uZURyaXZlIC0gTWVyY2sgU2hhcnAgJiBEb2htZSwgQ29ycDpCaWJsaW9ncmFwaHk6UGFwZXJzOkdvb2QyMDA1LnBkZgAOABoADABHAG8AbwBkADIAMAAwADUALgBwAGQAZgAPABoADABNAGEAYwBpAG4AdABvAHMAaAAgAEgARAASAFBVc2Vycy9zZWVrL09uZURyaXZlIC0gTWVyY2sgU2hhcnAgJiBEb2htZSwgQ29ycC9CaWJsaW9ncmFwaHkvUGFwZXJzL0dvb2QyMDA1LnBkZgATAAEvAAAVAAIAC///AAAACAANABoAJAB+AAAAAAAAAgEAAAAAAAAABQAAAAAAAAAAAAAAAAAAAhg=}}

@techreport{Fausch1988,
	address = {Portland, Oregon, USA},
	author = {Fausch, K.D. and Hawkes, C.L. and Parsons, M.G.},
	date-added = {2020-01-27 14:52:09 -0800},
	date-modified = {2020-12-03 10:22:15 -0800},
	institution = {United States Department of Agriculture, Forest Service},
	journal = {Notes},
	number = {PNWGTR-213},
	title = {Models that predict standing crop of stream fish from habitat variables: 1950-85.},
	type = {General Technical Report},
	year = {1988},
	Bdsk-File-1 = {YnBsaXN0MDDSAQIDBFxyZWxhdGl2ZVBhdGhZYWxpYXNEYXRhXxBZLi4vLi4vLi4vLi4vLi4vLi4vT25lRHJpdmUgLSBNZXJjayBTaGFycCAmIERvaG1lLCBDb3JwL0JpYmxpb2dyYXBoeS9QYXBlcnMvRmF1c2NoMTk4OC5wZGZPEQGeAAAAAAGeAAIAAAxNYWNpbnRvc2ggSEQAAAAAAAAAAAAAAAAAAAAAAAAAQkQAAf////8ORmF1c2NoMTk4OC5wZGYAAAAAAAAAAAAAAAAAAAAAAAAAAAAAAAAAAAAAAAAAAAAAAAAAAAAAAAAAAAAAAAAA/////wAAAAAAAAAAAAAAAAAGAAQAAAogY3UAAAAAAAAAAAAAAAAABlBhcGVycwACAFQvOlVzZXJzOnNlZWs6T25lRHJpdmUgLSBNZXJjayBTaGFycCAmIERvaG1lLCBDb3JwOkJpYmxpb2dyYXBoeTpQYXBlcnM6RmF1c2NoMTk4OC5wZGYADgAeAA4ARgBhAHUAcwBjAGgAMQA5ADgAOAAuAHAAZABmAA8AGgAMAE0AYQBjAGkAbgB0AG8AcwBoACAASABEABIAUlVzZXJzL3NlZWsvT25lRHJpdmUgLSBNZXJjayBTaGFycCAmIERvaG1lLCBDb3JwL0JpYmxpb2dyYXBoeS9QYXBlcnMvRmF1c2NoMTk4OC5wZGYAEwABLwAAFQACAAv//wAAAAgADQAaACQAgAAAAAAAAAIBAAAAAAAAAAUAAAAAAAAAAAAAAAAAAAIi}}

@article{Eastwood2003,
	abstract = {There is a growing need for accurate and interpretable maps that describe the spatial extent and suitability of flatfish habitats. A common approach to developing such maps is to construct spatially explicit habitat models from fisheries-independent survey data. As the entire range of factors that define fish habitats can never be fully quantified, habitat models are invariably built from a small subset of factors, which typically consist of physical seabed and water column characteristics. If important physical and biological habitat features have not been measured, conventional modelling techniques may underestimate habitat use and quality. We present a spatial modelling technique capable of estimating the maximum extent and suitability of flatfish habitats, i.e. the potential or upper limits of the habitat, using juvenile sole (Solea solea L.) in the Dover Strait as an example. To develop the models, juvenile sole catch densities and environmental habitat data were first acquired and assembled within a Geographical Information System (GIS). Regression quantiles were then estimated for models of change in juvenile sole catch density according to changes in a number of habitat variables. Finally, spatial models were constructed within a GIS by combining the quantile regression models with digital maps of the environmental variables. The use of regression quantiles allowed linear model parameters to be estimated near to the upper bounds of the sole-habitat relationships, thereby providing estimates of the limiting effects of the habitat. In turn, the habitat map built from the upper regression quantiles provided robust estimates of the maximum spatial extent and suitability of sole nursery grounds in the Dover Strait region, as confirmed by model tests using independent data. Habitat maps developed using this approach may be desirable from a species conservation perspective, as the likelihood of underestimating the extent and quality of the habitat is reduced.},
	author = {Eastwood, Paul D and Meaden, Geoff J and Carpentier, Andr{\'e} and Rogers, Stuart I},
	date-added = {2020-01-27 14:51:55 -0800},
	date-modified = {2020-12-03 10:20:25 -0800},
	journal = {Journal of Sea Research},
	number = {2},
	pages = {151--165},
	publisher = {Elsevier},
	title = {Estimating limits to the spatial extent and suitability of sole (\epmh{{S}olea solea}) nursery grounds in the Dover Strait},
	volume = {50},
	year = {2003},
	Bdsk-File-1 = {YnBsaXN0MDDSAQIDBFxyZWxhdGl2ZVBhdGhZYWxpYXNEYXRhXxBbLi4vLi4vLi4vLi4vLi4vLi4vT25lRHJpdmUgLSBNZXJjayBTaGFycCAmIERvaG1lLCBDb3JwL0JpYmxpb2dyYXBoeS9QYXBlcnMvRWFzdHdvb2QyMDAzLnBkZk8RAaYAAAAAAaYAAgAADE1hY2ludG9zaCBIRAAAAAAAAAAAAAAAAAAAAAAAAABCRAAB/////xBFYXN0d29vZDIwMDMucGRmAAAAAAAAAAAAAAAAAAAAAAAAAAAAAAAAAAAAAAAAAAAAAAAAAAAAAAAAAAAAAAD/////AAAAAAAAAAAAAAAAAAYABAAACiBjdQAAAAAAAAAAAAAAAAAGUGFwZXJzAAIAVi86VXNlcnM6c2VlazpPbmVEcml2ZSAtIE1lcmNrIFNoYXJwICYgRG9obWUsIENvcnA6QmlibGlvZ3JhcGh5OlBhcGVyczpFYXN0d29vZDIwMDMucGRmAA4AIgAQAEUAYQBzAHQAdwBvAG8AZAAyADAAMAAzAC4AcABkAGYADwAaAAwATQBhAGMAaQBuAHQAbwBzAGgAIABIAEQAEgBUVXNlcnMvc2Vlay9PbmVEcml2ZSAtIE1lcmNrIFNoYXJwICYgRG9obWUsIENvcnAvQmlibGlvZ3JhcGh5L1BhcGVycy9FYXN0d29vZDIwMDMucGRmABMAAS8AABUAAgAL//8AAAAIAA0AGgAkAIIAAAAAAAACAQAAAAAAAAAFAAAAAAAAAAAAAAAAAAACLA==}}

@article{Dunham2002,
	author = {Dunham, Jason B and Cade, Brian S and Terrell, James W},
	date-added = {2020-01-27 14:51:47 -0800},
	date-modified = {2020-01-27 14:51:47 -0800},
	journal = {Transactions of the American Fisheries Society},
	number = {1},
	pages = {86--98},
	publisher = {Taylor \& Francis},
	title = {Influences of spatial and temporal variation on fish-habitat relationships defined by regression quantiles},
	volume = {131},
	year = {2002},
	Bdsk-File-1 = {YnBsaXN0MDDSAQIDBFxyZWxhdGl2ZVBhdGhZYWxpYXNEYXRhXxBZLi4vLi4vLi4vLi4vLi4vLi4vT25lRHJpdmUgLSBNZXJjayBTaGFycCAmIERvaG1lLCBDb3JwL0JpYmxpb2dyYXBoeS9QYXBlcnMvRHVuaGFtMjAwMi5wZGZPEQGeAAAAAAGeAAIAAAxNYWNpbnRvc2ggSEQAAAAAAAAAAAAAAAAAAAAAAAAAQkQAAf////8ORHVuaGFtMjAwMi5wZGYAAAAAAAAAAAAAAAAAAAAAAAAAAAAAAAAAAAAAAAAAAAAAAAAAAAAAAAAAAAAAAAAA/////wAAAAAAAAAAAAAAAAAGAAQAAAogY3UAAAAAAAAAAAAAAAAABlBhcGVycwACAFQvOlVzZXJzOnNlZWs6T25lRHJpdmUgLSBNZXJjayBTaGFycCAmIERvaG1lLCBDb3JwOkJpYmxpb2dyYXBoeTpQYXBlcnM6RHVuaGFtMjAwMi5wZGYADgAeAA4ARAB1AG4AaABhAG0AMgAwADAAMgAuAHAAZABmAA8AGgAMAE0AYQBjAGkAbgB0AG8AcwBoACAASABEABIAUlVzZXJzL3NlZWsvT25lRHJpdmUgLSBNZXJjayBTaGFycCAmIERvaG1lLCBDb3JwL0JpYmxpb2dyYXBoeS9QYXBlcnMvRHVuaGFtMjAwMi5wZGYAEwABLwAAFQACAAv//wAAAAgADQAaACQAgAAAAAAAAAIBAAAAAAAAAAUAAAAAAAAAAAAAAAAAAAIi}}

@inproceedings{Cramer2009,
	author = {Cramer, Steven P and Ackerman, Nicklaus K},
	booktitle = {American {F}isheries {S}ociety Symposium},
	date-added = {2020-01-27 14:48:39 -0800},
	date-modified = {2020-12-03 10:19:21 -0800},
	pages = {225--254},
	title = {Linking stream carrying capacity for salmonids to habitat features},
	volume = {71},
	year = {2009},
	Bdsk-File-1 = {YnBsaXN0MDDSAQIDBFxyZWxhdGl2ZVBhdGhZYWxpYXNEYXRhXxBZLi4vLi4vLi4vLi4vLi4vLi4vT25lRHJpdmUgLSBNZXJjayBTaGFycCAmIERvaG1lLCBDb3JwL0JpYmxpb2dyYXBoeS9QYXBlcnMvQ3JhbWVyMjAwOS5wZGZPEQGeAAAAAAGeAAIAAAxNYWNpbnRvc2ggSEQAAAAAAAAAAAAAAAAAAAAAAAAAQkQAAf////8OQ3JhbWVyMjAwOS5wZGYAAAAAAAAAAAAAAAAAAAAAAAAAAAAAAAAAAAAAAAAAAAAAAAAAAAAAAAAAAAAAAAAA/////wAAAAAAAAAAAAAAAAAGAAQAAAogY3UAAAAAAAAAAAAAAAAABlBhcGVycwACAFQvOlVzZXJzOnNlZWs6T25lRHJpdmUgLSBNZXJjayBTaGFycCAmIERvaG1lLCBDb3JwOkJpYmxpb2dyYXBoeTpQYXBlcnM6Q3JhbWVyMjAwOS5wZGYADgAeAA4AQwByAGEAbQBlAHIAMgAwADAAOQAuAHAAZABmAA8AGgAMAE0AYQBjAGkAbgB0AG8AcwBoACAASABEABIAUlVzZXJzL3NlZWsvT25lRHJpdmUgLSBNZXJjayBTaGFycCAmIERvaG1lLCBDb3JwL0JpYmxpb2dyYXBoeS9QYXBlcnMvQ3JhbWVyMjAwOS5wZGYAEwABLwAAFQACAAv//wAAAAgADQAaACQAgAAAAAAAAAIBAAAAAAAAAAUAAAAAAAAAAAAAAAAAAAIi}}

@article{Compton2012,
	author = {Compton, Tanya J and Morrison, Mark A and Leathwick, John R and Carbines, Glen D},
	date-added = {2020-01-27 14:48:27 -0800},
	date-modified = {2020-12-03 10:18:46 -0800},
	journal = {Marine Ecology Progress Series},
	pages = {219--230},
	title = {Ontogenetic habitat associations of a demersal fish species, \emph{{P}agrus auratus}, identified using boosted regression trees},
	volume = {462},
	year = {2012},
	Bdsk-File-1 = {YnBsaXN0MDDSAQIDBFxyZWxhdGl2ZVBhdGhZYWxpYXNEYXRhXxBaLi4vLi4vLi4vLi4vLi4vLi4vT25lRHJpdmUgLSBNZXJjayBTaGFycCAmIERvaG1lLCBDb3JwL0JpYmxpb2dyYXBoeS9QYXBlcnMvQ29tcHRvbjIwMTIucGRmTxEBpAAAAAABpAACAAAMTWFjaW50b3NoIEhEAAAAAAAAAAAAAAAAAAAAAAAAAEJEAAH/////D0NvbXB0b24yMDEyLnBkZgAAAAAAAAAAAAAAAAAAAAAAAAAAAAAAAAAAAAAAAAAAAAAAAAAAAAAAAAAAAAAAAP////8AAAAAAAAAAAAAAAAABgAEAAAKIGN1AAAAAAAAAAAAAAAAAAZQYXBlcnMAAgBVLzpVc2VyczpzZWVrOk9uZURyaXZlIC0gTWVyY2sgU2hhcnAgJiBEb2htZSwgQ29ycDpCaWJsaW9ncmFwaHk6UGFwZXJzOkNvbXB0b24yMDEyLnBkZgAADgAgAA8AQwBvAG0AcAB0AG8AbgAyADAAMQAyAC4AcABkAGYADwAaAAwATQBhAGMAaQBuAHQAbwBzAGgAIABIAEQAEgBTVXNlcnMvc2Vlay9PbmVEcml2ZSAtIE1lcmNrIFNoYXJwICYgRG9obWUsIENvcnAvQmlibGlvZ3JhcGh5L1BhcGVycy9Db21wdG9uMjAxMi5wZGYAABMAAS8AABUAAgAL//8AAAAIAA0AGgAkAIEAAAAAAAACAQAAAAAAAAAFAAAAAAAAAAAAAAAAAAACKQ==}}

@book{Chapman1951,
	address = {Berkeley, California, USA},
	author = {Chapman, Douglas George},
	date-added = {2020-01-27 14:48:06 -0800},
	date-modified = {2020-12-03 10:17:15 -0800},
	number = {7},
	publisher = {University of California Press},
	title = {Some properties of the hypergeometric distribution with applications to zoological sample censuses},
	volume = {1},
	year = {1951}}

@misc{CHaMP2016,
	author = {{CHaMP}},
	date-added = {2020-01-27 14:47:59 -0800},
	date-modified = {2020-12-03 11:26:08 -0800},
	publisher = {Bonneville Power Administration Portland, Oregon, USA},
	title = {Scientific protocol for salmonid habitat surveys within the {C}olumbia Habitat Monitoring Program},
	url = {https://www.champmonitoring.org},
	year = {2016},
	Bdsk-Url-1 = {https://www.champmonitoring.org}}

@article{Chabot2015,
	author = {Chabot, Dominique and Bird, David M},
	date-added = {2020-01-27 14:47:49 -0800},
	date-modified = {2020-01-27 14:47:49 -0800},
	journal = {Journal of Unmanned Vehicle Systems},
	number = {4},
	pages = {137--155},
	publisher = {NRC Research Press},
	title = {Wildlife research and management methods in the 21st century: Where do unmanned aircraft fit in?},
	volume = {3},
	year = {2015},
	Bdsk-File-1 = {YnBsaXN0MDDSAQIDBFxyZWxhdGl2ZVBhdGhZYWxpYXNEYXRhXxBZLi4vLi4vLi4vLi4vLi4vLi4vT25lRHJpdmUgLSBNZXJjayBTaGFycCAmIERvaG1lLCBDb3JwL0JpYmxpb2dyYXBoeS9QYXBlcnMvQ2hhYm90MjAxNS5wZGZPEQGeAAAAAAGeAAIAAAxNYWNpbnRvc2ggSEQAAAAAAAAAAAAAAAAAAAAAAAAAQkQAAf////8OQ2hhYm90MjAxNS5wZGYAAAAAAAAAAAAAAAAAAAAAAAAAAAAAAAAAAAAAAAAAAAAAAAAAAAAAAAAAAAAAAAAA/////wAAAAAAAAAAAAAAAAAGAAQAAAogY3UAAAAAAAAAAAAAAAAABlBhcGVycwACAFQvOlVzZXJzOnNlZWs6T25lRHJpdmUgLSBNZXJjayBTaGFycCAmIERvaG1lLCBDb3JwOkJpYmxpb2dyYXBoeTpQYXBlcnM6Q2hhYm90MjAxNS5wZGYADgAeAA4AQwBoAGEAYgBvAHQAMgAwADEANQAuAHAAZABmAA8AGgAMAE0AYQBjAGkAbgB0AG8AcwBoACAASABEABIAUlVzZXJzL3NlZWsvT25lRHJpdmUgLSBNZXJjayBTaGFycCAmIERvaG1lLCBDb3JwL0JpYmxpb2dyYXBoeS9QYXBlcnMvQ2hhYm90MjAxNS5wZGYAEwABLwAAFQACAAv//wAAAAgADQAaACQAgAAAAAAAAAIBAAAAAAAAAAUAAAAAAAAAAAAAAAAAAAIi}}

@article{Carle1978,
	author = {Carle, Frank Louis and Strub, Mike R},
	date-added = {2020-01-27 14:47:40 -0800},
	date-modified = {2020-12-03 10:12:49 -0800},
	journal = {Biometrics},
	number = {1},
	pages = {621--630},
	publisher = {JSTOR},
	title = {A new method for estimating population size from removal data},
	volume = {34},
	year = {1978}}

@article{Cade2003,
	author = {Cade, Brian S and Noon, Barry R},
	date-added = {2020-01-27 14:47:32 -0800},
	date-modified = {2020-01-27 14:47:32 -0800},
	journal = {Frontiers in Ecology and the Environment},
	number = {8},
	pages = {412--420},
	publisher = {Eco Soc America},
	title = {A gentle introduction to quantile regression for ecologists},
	volume = {1},
	year = {2003},
	Bdsk-File-1 = {YnBsaXN0MDDSAQIDBFxyZWxhdGl2ZVBhdGhZYWxpYXNEYXRhXxBXLi4vLi4vLi4vLi4vLi4vLi4vT25lRHJpdmUgLSBNZXJjayBTaGFycCAmIERvaG1lLCBDb3JwL0JpYmxpb2dyYXBoeS9QYXBlcnMvQ2FkZTIwMDMucGRmTxEBlgAAAAABlgACAAAMTWFjaW50b3NoIEhEAAAAAAAAAAAAAAAAAAAAAAAAAEJEAAH/////DENhZGUyMDAzLnBkZgAAAAAAAAAAAAAAAAAAAAAAAAAAAAAAAAAAAAAAAAAAAAAAAAAAAAAAAAAAAAAAAAAAAP////8AAAAAAAAAAAAAAAAABgAEAAAKIGN1AAAAAAAAAAAAAAAAAAZQYXBlcnMAAgBSLzpVc2VyczpzZWVrOk9uZURyaXZlIC0gTWVyY2sgU2hhcnAgJiBEb2htZSwgQ29ycDpCaWJsaW9ncmFwaHk6UGFwZXJzOkNhZGUyMDAzLnBkZgAOABoADABDAGEAZABlADIAMAAwADMALgBwAGQAZgAPABoADABNAGEAYwBpAG4AdABvAHMAaAAgAEgARAASAFBVc2Vycy9zZWVrL09uZURyaXZlIC0gTWVyY2sgU2hhcnAgJiBEb2htZSwgQ29ycC9CaWJsaW9ncmFwaHkvUGFwZXJzL0NhZGUyMDAzLnBkZgATAAEvAAAVAAIAC///AAAACAANABoAJAB+AAAAAAAAAgEAAAAAAAAABQAAAAAAAAAAAAAAAAAAAhg=}}

@article{Bryant2009,
	author = {Bryant, MD and Woodsmith, RD},
	date-added = {2020-01-27 14:47:17 -0800},
	date-modified = {2020-01-27 14:47:17 -0800},
	journal = {North American Journal of Fisheries Management},
	number = {3},
	pages = {549--559},
	publisher = {Taylor \& Francis},
	title = {The response of salmon populations to geomorphic measurements at three scales},
	volume = {29},
	year = {2009},
	Bdsk-File-1 = {YnBsaXN0MDDSAQIDBFxyZWxhdGl2ZVBhdGhZYWxpYXNEYXRhXxBZLi4vLi4vLi4vLi4vLi4vLi4vT25lRHJpdmUgLSBNZXJjayBTaGFycCAmIERvaG1lLCBDb3JwL0JpYmxpb2dyYXBoeS9QYXBlcnMvQnJ5YW50MjAwOS5wZGZPEQGeAAAAAAGeAAIAAAxNYWNpbnRvc2ggSEQAAAAAAAAAAAAAAAAAAAAAAAAAQkQAAf////8OQnJ5YW50MjAwOS5wZGYAAAAAAAAAAAAAAAAAAAAAAAAAAAAAAAAAAAAAAAAAAAAAAAAAAAAAAAAAAAAAAAAA/////wAAAAAAAAAAAAAAAAAGAAQAAAogY3UAAAAAAAAAAAAAAAAABlBhcGVycwACAFQvOlVzZXJzOnNlZWs6T25lRHJpdmUgLSBNZXJjayBTaGFycCAmIERvaG1lLCBDb3JwOkJpYmxpb2dyYXBoeTpQYXBlcnM6QnJ5YW50MjAwOS5wZGYADgAeAA4AQgByAHkAYQBuAHQAMgAwADAAOQAuAHAAZABmAA8AGgAMAE0AYQBjAGkAbgB0AG8AcwBoACAASABEABIAUlVzZXJzL3NlZWsvT25lRHJpdmUgLSBNZXJjayBTaGFycCAmIERvaG1lLCBDb3JwL0JpYmxpb2dyYXBoeS9QYXBlcnMvQnJ5YW50MjAwOS5wZGYAEwABLwAAFQACAAv//wAAAAgADQAaACQAgAAAAAAAAAIBAAAAAAAAAAUAAAAAAAAAAAAAAAAAAAIi}}

@article{Breiman2001,
	author = {Breiman, L.},
	date-added = {2020-01-27 14:47:08 -0800},
	date-modified = {2020-01-27 14:47:08 -0800},
	journal = {Machine Learning},
	number = {1},
	pages = {5--32},
	publisher = {Springer},
	title = {Random forests},
	volume = {45},
	year = {2001},
	Bdsk-File-1 = {YnBsaXN0MDDSAQIDBFxyZWxhdGl2ZVBhdGhZYWxpYXNEYXRhXxBaLi4vLi4vLi4vLi4vLi4vLi4vT25lRHJpdmUgLSBNZXJjayBTaGFycCAmIERvaG1lLCBDb3JwL0JpYmxpb2dyYXBoeS9QYXBlcnMvQnJlaW1hbjIwMDEucGRmTxEBpAAAAAABpAACAAAMTWFjaW50b3NoIEhEAAAAAAAAAAAAAAAAAAAAAAAAAEJEAAH/////D0JyZWltYW4yMDAxLnBkZgAAAAAAAAAAAAAAAAAAAAAAAAAAAAAAAAAAAAAAAAAAAAAAAAAAAAAAAAAAAAAAAP////8AAAAAAAAAAAAAAAAABgAEAAAKIGN1AAAAAAAAAAAAAAAAAAZQYXBlcnMAAgBVLzpVc2VyczpzZWVrOk9uZURyaXZlIC0gTWVyY2sgU2hhcnAgJiBEb2htZSwgQ29ycDpCaWJsaW9ncmFwaHk6UGFwZXJzOkJyZWltYW4yMDAxLnBkZgAADgAgAA8AQgByAGUAaQBtAGEAbgAyADAAMAAxAC4AcABkAGYADwAaAAwATQBhAGMAaQBuAHQAbwBzAGgAIABIAEQAEgBTVXNlcnMvc2Vlay9PbmVEcml2ZSAtIE1lcmNrIFNoYXJwICYgRG9obWUsIENvcnAvQmlibGlvZ3JhcGh5L1BhcGVycy9CcmVpbWFuMjAwMS5wZGYAABMAAS8AABUAAgAL//8AAAAIAA0AGgAkAIEAAAAAAAACAQAAAAAAAAAFAAAAAAAAAAAAAAAAAAACKQ==}}

@article{Braun2011,
	author = {Braun, Douglas C and Reynolds, John D},
	date-added = {2020-01-27 14:46:53 -0800},
	date-modified = {2020-12-03 10:10:12 -0800},
	journal = {Canadian Journal of Fisheries and Aquatic Sciences},
	number = {5},
	pages = {758--767},
	publisher = {NRC Research Press},
	title = {Relationships between habitat characteristics and breeding population densities in sockeye salmon (\emph{{O}ncorhynchus nerka})},
	volume = {68},
	year = {2011},
	Bdsk-File-1 = {YnBsaXN0MDDSAQIDBFxyZWxhdGl2ZVBhdGhZYWxpYXNEYXRhXxBYLi4vLi4vLi4vLi4vLi4vLi4vT25lRHJpdmUgLSBNZXJjayBTaGFycCAmIERvaG1lLCBDb3JwL0JpYmxpb2dyYXBoeS9QYXBlcnMvQnJhdW4yMDExLnBkZk8RAZwAAAAAAZwAAgAADE1hY2ludG9zaCBIRAAAAAAAAAAAAAAAAAAAAAAAAABCRAAB/////w1CcmF1bjIwMTEucGRmAAAAAAAAAAAAAAAAAAAAAAAAAAAAAAAAAAAAAAAAAAAAAAAAAAAAAAAAAAAAAAAAAAD/////AAAAAAAAAAAAAAAAAAYABAAACiBjdQAAAAAAAAAAAAAAAAAGUGFwZXJzAAIAUy86VXNlcnM6c2VlazpPbmVEcml2ZSAtIE1lcmNrIFNoYXJwICYgRG9obWUsIENvcnA6QmlibGlvZ3JhcGh5OlBhcGVyczpCcmF1bjIwMTEucGRmAAAOABwADQBCAHIAYQB1AG4AMgAwADEAMQAuAHAAZABmAA8AGgAMAE0AYQBjAGkAbgB0AG8AcwBoACAASABEABIAUVVzZXJzL3NlZWsvT25lRHJpdmUgLSBNZXJjayBTaGFycCAmIERvaG1lLCBDb3JwL0JpYmxpb2dyYXBoeS9QYXBlcnMvQnJhdW4yMDExLnBkZgAAEwABLwAAFQACAAv//wAAAAgADQAaACQAfwAAAAAAAAIBAAAAAAAAAAUAAAAAAAAAAAAAAAAAAAIf}}
